3118 5044
659 347 814 400 ..7-

152 545 223 590 cum
249 525 365 590 ceteris
388 525 517 610 scriptis
542 526 662 591 collata
685 526 861 609 allegoriae
883 543 1034 607 amorem,
1059 527 1113 608 qui
1129 527 1161 590 in
1178 527 1268 592 libris
1283 525 1326 591 ad

153 630 389 716 philosophiam
412 633 647 716 pertinentibus
675 639 843 717 tantopere
866 633 1016 717 eluceret,
1052 633 1149 698 etiam
1177 634 1209 697 in
1237 632 1327 698 chre·

152 736 326 804 stomathia
349 739 483 802 inveniri
508 739 752 804 demonstraret.
800 739 900 804 Simul
931 739 1053 804 monuit
1077 719 1134 804 suo
1158 740 1226 806 iure
1251 759 1327 821 qua·

154 845 227 910 dam
245 853 368 910 tantum
387 846 511 910 ratione
528 847 683 930 scriptum
703 847 947 928 grammaticum
965 866 1036 912 cum
1053 846 1169 911 ceteris
1186 846 1327 910 conferri

152 971 256 1035 posse.
305 952 404 1016 Plane
427 953 626 1030 aliamviam
647 953 810 1035 ingressus
823 952 907 1018 duh.
922 952 1054 1018 Schmid
1071 972 1142 1018 curn
1158 951 1325 1019 Diadocho

153 1056 194 1122 de
212 1064 350 1124 tractatu
367 1059 577 1142 grammatico
595 1058 770 1141 contendit,
796 1079 867 1125 cum
884 1060 926 1125 ab
944 1061 1146 1143 antiquorum
1164 1059 1326 1126 scribendi

152 1185 305 1248 generum
329 1164 476 1229 doctrina
500 1165 664 1250 proiectus
689 1167 762 1231 fieri
793 1187 886 1251 posse
915 1173 1058 1250 negaret,
1095 1166 1170 1249 quin
1194 1166 1327 1232 Procius

154 1272 364 1355 Hermogenis
387 1271 532 1337 idearum
549 1271 739 1357 disciplinae
764 1275 955 1339 mentionem
979 1273 1122 1356 fecisset,
1146 1274 1174 1340 si
1197 1293 1232 1338 re
1249 1293 1326 1339 vera

152 1378 281 1444 saeculo
306 1381 416 1460 quinto
440 1379 564 1461 fuisset,
588 1380 621 1445 id
646 1379 731 1462 quod
756 1380 904 1445 concludi
929 1400 1061 1446 neccsse
1078 1399 1149 1445 esse
1172 1400 1243 1446 mea
1259 1379 1325 1462 qui·

153 1484 227 1550 dem
255 1487 414 1555 sententia
442 1494 529 1551 recte
557 1488 687 1570 negavit
720 1487 920 1553 lmmisohius
949 1487 969 1552 l.
995 1488 1015 1552 l.
1043 1508 1075 1572 p.
1093 1487 1159 1552 254
1171 1507 1241 1570 sqq.
1281 1487 1326 1553 cf.

153 1594 250 1657 etiam
282 1592 417 1676 Kayseri
453 1592 577 1658 dissert.
614 1595 662 1659 De
694 1602 835 1658 veterum
868 1604 937 1658 arte
967 1594 1095 1678 poetica
1123 1595 1327 1677 quaestiones

153 1699 302 1765 selectae.
326 1700 414 1784 Lips.
433 1700 526 1771 1906.
551 1721 583 1784 p.
600 1701 653 1764 91.
691 1701 829 1765 Maxime
847 1701 1015 1766 valuerunt
1030 1699 1117 1785 apud
1134 1701 1327 1786 posteriores

155 1806 316 1872 Weleheri
341 1817 538 1890 argumenta,
575 1807 664 1872 cuius
688 1809 877 1874 sententiam
902 1809 1004 1874 secuti
1029 1814 1102 1873 sunt
1125 1807 1225 1872 multi¹
1239 1808 1327 1872 velut

155 1913 415 1996 Sengebuschius
426 1917 447 1992 ¹,
473 1913 638 1979 Christius.
684 1914 852 1980 Zellerus²
877 1922 909 1980 et
926 1915 1143 1980 Mettauerus⁸
1168 1915 1326 1996 quaestio-

152 2039 224 2084 nem
253 2021 287 2090 inw
316 2038 470 2104 suspenso
499 2020 691 2103 relinquunt.
740 2022 803 2085 Alii
833 2029 940 2087 tamen
964 2022 995 2084 in
1020 2021 1173 2085 memoria
1197 2026 1327 2085 servata

153 2135 439 2210 perseveraverunt
463 2127 550 2192 velut
574 2129 869 2208 Westermannus4‚
899 2128 940 2192 M.
965 2125 1198 2207 Schmidtius⁶‚
1227 2126 1327 2192 Wila·

154 2235 354 2299 mowitzius6
379 2229 443 2299 alii.
492 2233 593 2299 Recte
617 2235 814 2299 Schmidtins
837 2233 879 2300 de
908 2253 1077 2316 consensu,
1107 2252 1169 2315 qno
1193 2233 1326 2300 Proclus

153 2361 224 2406 curn
250 2342 402 2424 magistro
427 2361 483 2406 suo
497 2339 615 2407 Orione
638 2343 670 2406 in
695 2342 816 2433 lyricae
839 2361 974 2425 poeseos
990 2341 1161 2424 generibus
1178 2359 1327 2406 enarran-

83 2469 86 2474 ·
152 2447 203 2513 dis
227 2448 439 2532 coniungitur,
464 2455 654 2512 commonet.
692 2447 966 2528 Wilamowitzius,
991 2448 1052 2513 etsi
1068 2447 1102 2513 in
1117 2447 1244 2513 nomine
1260 2466 1325 2512 ser·

152 2562 228 2620 vato
253 2555 440 2637 acquiescit,
465 2561 572 2618 tamen
597 2553 675 2619 nihil
702 2555 856 2620 interesse
880 2553 969 2635 dicit,
995 2553 1080 2636 quod
1103 2573 1219 2619 nomen
1242 2573 1326 2617 oom-

86 2733 89 2741 ,
153 2660 282 2745 pilatori
310 2660 356 2724 illi
387 2658 491 2742 detur,
526 2662 644 2745 quippe
668 2662 721 2744 qui
749 2682 811 2726 non
840 2661 900 2725 nisi
928 2660 1029 2726 relata
1052 2660 1219 2725 rettulerit.
1265 2659 1326 2724 Po·

146 2775 288 2833 stremus
314 2766 514 2833 lmmischius
538 2767 715 2833 aKaibclii
741 2769 1008 2832 commentatione
1029 2785 1218 2851 progressus
1234 2783 1326 2832 accu-

152 2873 254 2938 ratius
287 2872 348 2937 hac
381 2872 422 2938 de
455 2894 489 2939 re
525 2875 593 2956 egit
625 2857 657 2938 et
685 2873 926 2956 demonstravit,
958 2880 1035 2956 quot
1068 2874 1209 2938 rationes
1242 2872 1327 2940 inter

152 2979 435 3046 chrestomathiam
460 2987 494 3046 et
517 2980 624 3045 Procli
649 2981 877 3045 commentaria
900 2978 1112 3046 intercedant.
1153 2979 1326 3046 Praeterea

152 3088 193 3153 de
222 3089 462 3173 propinquitate
492 3089 622 3171 monuit,
659 3108 725 3170 qua
747 3088 854 3153 Procli
882 3089 954 3167 περὶ
978 3086 1165 3168 ποιημάτων
1189 3087 1325 3166 κρίσεως

152 3194 323 3278 disciplina
362 3214 433 3259 cum
468 3214 517 3275 ea,
554 3214 636 3276 quae
671 3196 703 3258 in
739 3194 886 3279 Dionysii
923 3194 1217 3260 Halicarnassensis
1252 3193 1325 3259 libri
1356 3253 1358 3256 ,

152 3302 285 3366 alterius
308 3302 381 3381 περὶ
407 3302 569 3380 μιμήσεως
594 3303 735 3387 epitoma
758 3310 860 3384 extat,
885 3301 1099 3384 coniungitur,
1129 3301 1214 3385 quod
1238 3301 1325 3385 frag-

152 3519 309 3572 ἀκόλουθον
333 3519 513 3585 ὑποκρίνεται
535 3520 690 3586 πρόσωπον
710 3519 862 3584 Αἰγυπτίου
887 3537 962 3584 τινος
982 3519 1150 3586 Ἀβάμιυνος.
1187 3520 1256 3574 ἀλλὰ
1280 3525 1325 3575 καί

151 3609 185 3660 τὸ
204 3611 254 3673 τῆς
274 3609 374 3672 λέξεως
393 3611 564 3673 κομματικὸν
585 3611 629 3662 καὶ
649 3609 834 3677 ἀφοριστικὸν
852 3611 897 3663 καὶ
916 3609 950 3662 τὸ
963 3614 1024 3661 τῶν
1043 3609 1161 3662 ἐννοιῶν
1173 3625 1325 3676 πραγματι-

152 3698 202 3750 κὸν
221 3699 266 3750 καὶ
289 3698 436 3764 γλαφυρὸν
460 3700 504 3750 καί
525 3699 626 3751 ἔνθουν
644 3704 779 3765 μαρτυρεῖ
798 3700 848 3751 τὸν
867 3698 998 3764 Πρόκλον
1018 3701 1110 3762 καλῶς
1128 3702 1173 3751 καὶ
1192 3698 1325 3765 κρίναντα

152 3787 197 3839 καὶ
214 3785 411 3853 ἱστορήσαντα,
433 3787 514 3854 quod
528 3788 730 3841 testimonium
745 3788 835 3842 affert
845 3786 951 3842 Gallus
963 3789 994 3840 in
1008 3786 1164 3841 Iamblichi
1178 3787 1325 3856 editionc;

152 3875 190 3927 cl.
209 3873 312 3935 Zeller.
331 3874 524 3944 Philosophie
544 3875 597 3929 der
617 3874 766 3930 Griechen
786 3872 848 3929 111³
866 3876 883 3929 2
901 3882 935 3949 p.¹
945 3875 997 3930 ‘115
1017 3876 1119 3930 adnot.

259 3963 268 3999 ¹
289 3963 414 4018 Dissert.
434 3963 555 4018 Homer.
576 3965 634 4018 vol.
654 3964 667 4018 I
687 3966 746 4033 p.8
765 3966 805 4032 (in
826 3963 861 4019 G.
881 3964 1019 4019 Diodori.
1038 3964 1070 4017 ll.
1091 3965 1181 4029 edit).

258 4049 270 4086 ²
289 4052 482 4123 Philosophie
501 4052 529 4106 d.
549 4051 699 4107 Griechen
720 4050 781 4106 ΙΙΙ8
799 4054 816 4107 2
835 4070 862 4123 p.
878 4053 931 4108 779
951 4055 1037 4108 infra.
1212 4117 1216 4125 ,

259 4137 334 4194 ³De
353 4141 486 4195 Platonis
506 4141 687 4195 scholiorum
706 4142 850 4196 fontibus.
882 4141 958 4197 Diss.
978 4142 1078 4196 Turio.
1099 4160 1127 4213 p.
1141 4142 1184 4198 36.

258 4227 389 4299 ⁴Biogr.
410 4228 517 4284 Graec.
537 4246 565 4299 p.
580 4229 623 4284 24.

258 4315 271 4354 ὃ
288 4318 410 4387 Didymi
431 4317 530 4373 Chalc.
549 4321 658 4388 fragm.
677 4336 706 4389 p.
719 4320 781 4374 391.

259 4404 270 4441 ⁶
289 4406 484 4462 Homerische
494 4407 771 4477 Untersuchungen
785 4409 817 4462 in
832 4414 989 4464 comment.
1002 4409 1130 4479 philolo.
1141 4408 1323 4480 Kiesslinglo

153 4500 183 4550 er
201 4494 430 4551 Wilamowitzio
450 4496 497 4550 ad.
516 4497 575 4550 vor.
596 4496 652 4551 vn
671 4513 699 4566 p.
713 4496 818 4566 esosq.
1405 4486 1407 4496 '
