3118 5044
759 344 914 398 -6..

251 523 412 591 studiosos
428 525 460 590 in
478 523 641 589 historiam
660 523 847 589 litterariam
863 521 1085 588 introducendi
1121 523 1177 586 Sic
1192 523 1338 588 instituta
1355 530 1424 586 erat

252 630 512 712 chrestomathia‚
546 638 582 695 ut
616 630 755 695 Kaibelii
788 629 927 712 imagine
962 635 1043 710 utar,
1077 628 1325 713 receptaculum,
1361 647 1424 710 quo

252 738 453 820 antiquitatis
468 738 602 804 scientia
619 737 830 821 grammatica
855 736 992 801 collecta
1016 742 1048 799 et
1071 735 1301 821 posterioribus
1325 754 1424 801 reser-

253 853 329 910 vata
353 851 410 910 est.

359 951 556 1034 Quicumque
574 1026 575 1029 γ
591 951 730 1016 Kaibelii
765 950 1063 1015 commentationem
1097 949 1222 1032 legerit,
1258 948 1425 1013 mirabitur

252 1059 340 1124 illum
373 1080 413 1124 nc
446 1079 508 1123 nno
542 1059 670 1141 quidem
699 1059 797 1124 verbo
829 1059 1059 1141 quaestionem,
1095 1065 1197 1134 utrum
1232 1057 1424 1122 chrestoma·

253 1166 321 1231 thia
350 1166 562 1250 grammatica
594 1165 786 1250 philosopho
819 1165 866 1229 illi
899 1165 1144 1249 Neoplatonico,
1181 1166 1231 1229 eni
1264 1163 1425 1229 Diadochi

253 1293 428 1355 cognomen
455 1279 514 1352 est,
540 1271 710 1337 tribuenda
734 1278 818 1339 esset
842 1291 944 1336 necne
967 1271 1122 1354 tetigisse.
1159 1271 1206 1335 Ilo
1230 1271 1333 1353 magis
1356 1291 1425 1354 pre·

252 1380 401 1446 mendum
426 1388 485 1452 est,
514 1378 546 1443 id
572 1377 657 1462 quod
681 1377 908 1444 Immisohius¹
932 1378 1063 1460 monuit,
1093 1377 1426 1443 animadversionibus

254 1486 323 1552 eius
350 1487 429 1572 ipsis
459 1484 681 1575 philosophum
710 1492 745 1550 nt
773 1484 1043 1551 chrestomathiae
1069 1487 1255 1570 scriptorem
1282 1482 1425 1549 defendi.

254 1594 426 1675 Postquam
463 1593 635 1659 Immischii
672 1593 898 1658 commentatio
933 1592 964 1657 in
1001 1592 1102 1657 lucem
1142 1590 1264 1677 prodiit
1295 1591 1425 1657 Christii

134 1713 137 1720 ’
253 1699 387 1767 historia
411 1700 736 1796 litterariaquartnm
762 1697 850 1764 edita
874 1704 933 1764 est.
980 1697 1040 1776 Qui
1057 1699 1153 1763 etiam
1174 1717 1268 1779 nnnc,
1294 1697 1426 1781 quaein

253 1807 412 1892 prioribus
435 1805 629 1872 editionibus
653 1804 746 1887 dixit,
770 1807 898 1891 repetit.
937 1805 987 1872 Ne
1010 1825 1094 1870 nunc
1118 1804 1247 1887 quidem
1271 1803 1332 1870 sibi
1357 1824 1426 1889 pcr-

253 1912 388 1979 snadere
413 1920 519 1999 potest
543 1912 767 1998 compendium
790 1912 871 1977 illud
894 1913 1034 1977 sobrium
1056 1933 1075 1977 a
1099 1911 1257 1978 monacho
1281 1911 1336 1976 illo
1359 1932 1425 1996 my-

253 2021 334 2085 stico
359 2019 568 2105 compositum
594 2039 676 2086 esse.
719 2020 759 2083 ln
784 2016 956 2084 iudicando
980 2026 1136 2103 provocat
1159 2018 1201 2083 ad
1225 2025 1426 2102 argumenta,

254 2145 336 2208 qnae
360 2125 783 2208 avalesio2,Weicke1·o³‚
807 2126 891 2194 Gaii.
905 2123 1096 2192 Schmidio⁴
1119 2124 1219 2190 allata
1242 2132 1325 2204 sunt,
1351 2143 1424 2206 quo·

224 2314 226 2318 v
254 2250 321 2297 rum
346 2233 466 2317 primus
489 2232 594 2297 locum
617 2231 705 2318 apud
722 2231 938 2299 Alexandrum
954 2231 1236 2315 Aphrodisiensem
1261 2237 1424 2296 extantem

252 2337 297 2417 (in
314 2338 444 2402 Aristot.
467 2337 558 2423 soph.
580 2339 619 2404 el.
640 2359 672 2423 p.
685 2341 732 2420 4),
755 2340 810 2403 ubi
835 2337 968 2404 Proclus
992 2338 1122 2420 quidam
1145 2338 1181 2402 ἐν
1204 2343 1242 2420 τῇ
1266 2343 1332 2402 τῶν
1356 2337 1424 2417 ἑορ-

253 2451 319 2510 τῶν
342 2444 556 2525 ἀπαριθμήσει
581 2443 742 2527 laudatnr,
766 2445 849 2511 falso
873 2444 915 2511 ad
940 2444 1208 2511 chrestomathiae
1235 2444 1423 2527 scriptorem

254 2551 386 2635 rettulit,
412 2553 465 2635 qni
490 2551 577 2618 error
600 2552 803 2618 aWelckero
828 2555 982 2638 repetitus
1005 2554 1068 2618 iam
1089 2552 1263 2619 aPrellero
1287 2555 1331 2635 (p.
1349 2552 1424 2632 107)

253 2666 383 2725 notatus
413 2666 471 2724 est.
520 2658 678 2725 Christius
706 2658 833 2743 quidem
865 2659 945 2744 ipse,
977 2680 1051 2723 nuni
1082 2667 1169 2725 recte
1195 2658 1259 2724 duo
1283 2659 1329 2723 illi
1352 2658 1425 2723 libri
1487 2649 1493 2656 ¹

255 2766 470 2848 conferantur,
487 2766 623 2832 dubitat.
663 2767 863 2848 Welckerus,
881 2768 935 2850 qui
953 2773 1060 2831 mente
1076 2773 1313 2850 praeoccupata
1331 2785 1426 2849 quae-

253 2873 387 2937 stionem
412 2871 533 2955 adibat,
567 2873 742 2958 praecipue
763 2873 797 2937 in
820 2873 892 2939 libri
917 2872 1028 2938 habitu
1052 2872 1251 2955 offendebat,
1288 2891 1381 2954 quem
1406 2893 1425 2937 a

253 2978 437 3064 philosophi
461 2980 590 3065 scriptis
614 2980 708 3065 plane
732 2979 869 3045 alienum
894 2999 964 3046 csse
992 2980 1138 3063 putabat.
1185 2978 1328 3058 Librum,
1363 2998 1426 3062 qua

255 3093 339 3151 esset
360 3086 542 3163 sobrietate,
565 3107 585 3151 a
601 3085 792 3171 philosopho
809 3087 865 3151 ilio
882 3087 1039 3170 allegoria
1055 3093 1088 3152 et
1104 3085 1313 3151 meditatione
1330 3093 1426 3169 capto

255 3194 407 3278 scriptum
437 3212 507 3258 esse
536 3192 731 3278 persuadere
760 3194 822 3259 sibi
852 3195 980 3260 minime
1009 3201 1145 3279 poterat.
1192 3191 1279 3282 Quas
1303 3193 1426 3258 dubita-

255 3301 356 3364 tiones
368 3299 528 3366 Prellcrns
550 3301 583 3364 in
608 3319 742 3366 censura
766 3320 824 3366 sua
848 3302 880 3381 (l.
895 3321 920 3366 s.
934 3305 976 3378 c.)
1001 3301 1188 3388 dispergere
1213 3301 1331 3386 coepit,
1355 3320 1426 3364 cum

210 3405 212 3412 ’
255 3414 287 3472 et
310 3408 424 3471 Marini
455 3408 522 3472 vita
551 3409 638 3473 nisus
666 3407 889 3494 philosophum
914 3428 977 3474 non
1001 3409 1104 3473 minus
1127 3408 1244 3475 studiis
1270 3429 1427 3491 gramma·

255 3515 328 3579 ticis
352 3534 447 3597 qnam
472 3514 696 3600 philosophiae
720 3535 850 3600 operam
874 3516 1092 3602 pependisse⁶
1117 3523 1149 3582 et
1178 3514 1428 3582 chrestomathia

362 3669 373 3707 ¹
391 3672 535 3742 Bcitrttga
555 3689 609 3727 aur
628 3671 792 3728 Chrestom.
813 3674 841 3727 d.
860 3674 986 3729 Procius
1006 3690 1034 3729 u.
1055 3690 1110 3729 zur
1129 3674 1237 3729 Poetik
1258 3674 1311 3728 des
1330 3674 1427 3730 Alter-

255 3765 334 3814 tums
349 3759 637 3827 (commentationes
656 3764 687 3817 in
701 3764 847 3818 honorem
860 3763 914 3818 Th.
926 3762 1105 3833 Gomperzii.
1125 3763 1325 3818 Vindobonae
1338 3763 1427 3829 1902).

361 3847 430 3903 ²da
450 3851 554 3905 critica
571 3852 623 3906 lib.
644 3851 657 3905 I
678 3867 702 3906 c.
723 3851 759 3906 20
779 3869 809 3922 p.
824 3852 876 3907 168
886 3867 929 3922 sq.
949 3852 1050 3906 Burm.

361 3935 374 3974 ⁸
392 3939 454 3993 Der
473 3941 595 4009 epische
615 3939 729 4011 Oyklus
749 3941 762 3995 l
782 3942 872 4012 3sqq.

361 4028 373 4062 ⁴
393 4027 466 4082 Mus.
487 4027 580 4082 Rhcn.
601 4030 658 4085 vol.
677 4029 776 4085 XLIX
799 4030 889 4096 (1894)
909 4048 937 4101 p.
952 4031 1003 4086 133
1012 4046 1076 4100 sqq.

362 4114 457 4170 5Ηοο
480 4118 546 4172 loco
568 4119 599 4171 in
626 4121 801 4174 memoriam
827 4135 971 4175 revocare
992 4120 1094 4174 licebit
1118 4119 1219 4174 locum
1248 4119 1340 4186 illum,
1370 4136 1429 4189 quo

255 4207 380 4261 Procius
405 4206 443 4260 de
463 4209 612 4275 mysteriis
631 4208 740 4262 librum
763 4208 929 4262 Iamblicho
953 4209 1094 4262 tribuisse
1115 4208 1237 4263 dicitur:
1256 4209 1367 4276 Ἰστέον,
1387 4210 1430 4262 ὅτι

255 4299 271 4349 ὁ
294 4297 453 4364 φιλοσόφος
472 4297 602 4363 Πρόκλος
620 4298 858 4364 ὑπομνηματίζων
883 4299 933 4362 τὰς
951 4303 1002 4350 τοθ
1026 4299 1147 4363 μεγάλου
1170 4298 1319 4352 Πλωτίνου
1339 4299 1431 4352 ἐννεά-

255 4387 305 4449 δας
324 4386 405 4452 λέγει,
425 4387 470 4440 ὅτι
488 4387 504 4439 ό
523 4387 706 4454 ἀντιγράφων
725 4386 764 4451 εἰς
784 4388 838 4452 τὴν
857 4387 1044 4454 προκειμένην
1061 4392 1113 4440 ποθ
1133 4387 1301 4455 Πορφυρλου
1321 4387 1431 4440 ἐπιστο-

255 4476 308 4540 λὴν
332 4475 348 4527 ό
373 4475 520 4539 θεσπέσιος
542 4476 619 4528 ἐστιν
636 4475 792 4543 Ἰάμβλιχος,
817 4478 862 4529 καί
888 4477 932 4529 διὰ
955 4477 989 4528 τὸ
1008 4480 1060 4542 τῆς
1078 4478 1241 4541 ὑποθέσεως
1264 4477 1367 4530 οἰκεῖον
1387 4478 1433 4530 καὶ
