3118 5044
654 328 685 336 -.
725 299 830 352 51..

156 483 286 542 secutus
309 483 358 541 cst
384 461 547 561 llayserus
571 477 590 541 l.
608 477 629 540 l.
654 499 685 560 p.
706 479 755 542 17.
802 478 894 544 Nunc
918 478 944 542 si
969 477 1157 542 conceditur
1181 479 1339 543 Proolum'

158 581 373 647 bucolicorum
409 582 557 648 habuisse
593 584 758 664 rationem,
796 583 968 648 Immisohii
1004 585 1161 649 sententia
1200 585 1327 667 corruit,

157 708 229 753 curn
253 690 443 772 ubicumque
468 691 613 754 bucolica
643 691 745 754 ίοοιιιιι
775 689 923 771 habeant,
955 691 1097 755 Platonis
1121 691 1326 776 partitionem

156 797 292 862 inveniri
318 797 387 881 ipse
412 795 500 862 dicat
515 799 535 860 ¹.
583 783 647 860 sed
673 796 798 861 etiamsi
823 795 987 861 Theocriti
1013 796 1154 861 carmina
1178 798 1328 881 neglecta

156 909 274 980 essent,
300 909 404 966 tamen
430 923 493 985 qua
517 902 679 986 partiendi
703 902 826 966 ratione
843 902 975 967 Proclus
1000 922 1073 966 usus
1098 905 1149 983 sit,
1175 923 1236 967 uno
1261 910 1327 970 tan·

157 1014 224 1072 tum
247 1008 342 1073 modo
367 1006 538 1072 diiudicari
563 1028 657 1092 posse
681 1009 839 1074 existimo.
882 1009 964 1074 Nam
981 1010 1116 1094 primum
1134 1008 1262 1091 quidem
1280 1017 1328 1074 est

157 1117 224 1181 veri
248 1116 350 1180 simile
371 1114 573 1180 Diadoohurn
599 1115 743 1198 magistri
767 1116 923 1202 rationem
949 1122 1091 1192 secutum
1117 1135 1197 1198 esse,
1233 1137 1328 1198 quam

157 1241 219 1285 non
244 1223 381 1305 ignorat,
405 1221 437 1292 id
463 1221 546 1304 quod
573 1221 772 1286 lmmischins
796 1222 864 1305 ipse
889 1228 1005 1285 monet.
1053 1223 1089 1284 ln
1113 1222 1219 1286 Procli
1245 1241 1328 1287 corn·

155 1330 312 1393 mentario
351 1327 383 1391 in
417 1327 561 1392 Platonis
597 1327 824 1412 rempublicam
859 1329 977 1411 scripto
1014 1328 1042 1408 (l
1067 1349 1096 1412 p.
1122 1329 1173 1409 14,
1198 1331 1236 1394 17
1257 1348 1327 1412 sqq.

155 1435 260 1514 Kroll)
285 1435 434 1518 legimus:
459 1438 555 1498 τοῦτο
580 1436 615 1499 δὲ
639 1435 678 1498 οὐ
698 1438 830 1499 πολλῶν
847 1433 933 1513 οἶμαι
950 1435 1123 1513 δεήσεσθαί
1140 1456 1192 1513 μοι
1210 1435 1328 1518 λόγων,

156 1539 226 1606 ἀλλ’
252 1540 434 1619 ἀναμνῆσαι
458 1546 571 1620 χρῆναι
595 1542 696 1620 μόνον
718 1541 767 1605 ὅτι
791 1543 852 1604 καί
877 1541 994 1618 αὐτὸς
1017 1541 1053 1606 ἐν
1076 1547 1159 1626 τῷδε
1183 1548 1228 1626 τῷ
1252 1557 1328 1618 σνγ-
1389 1617 1394 1630 ‚

155 1649 311 1727 γράμματι
329 1647 391 1727 (lll
407 1669 437 1732 p.
453 1647 517 1711 392
529 1646 563 1726 ά)
586 1649 657 1726 τρία
681 1649 762 1727 φησί
787 1647 855 1724 είδη
880 1648 997 1725 λέξεως
1021 1647 1184 1728 ὑπάρχειν,
1207 1650 1244 1713 τὸ
1271 1651 1328 1728 μὲν

156 1759 351 1837 δραματικὸν
376 1759 427 1823 καὶ
455 1743 620 1837 μιμητικὸν
649 1759 757 1838 μόνως
785 1762 843 1838 τῆς
875 1759 1043 1843 κωμῳδίας
1069 1760 1172 1835 λέγων
1196 1762 1326 1839 καὶτῆς

154 1865 349 1948 τραγῳδίας·
375 1865 411 1929 τὸ
436 1867 472 1929 δὲ
495 1856 738 1944 ἀφηγηματικὸν
762 1866 813 1929 καὶ
837 1864 1002 1944 ἀμίμητον,
1026 1864 1097 1929 οἷον
1121 1867 1171 1929 καὶ
1196 1867 1226 1930 οἱ
1249 1867 1326 1945 τοὺς

155 1960 370 2051 διθυράμβους
394 1971 576 2052 γράφοντες
601 1974 651 2036 καὶ
675 1973 705 2036 οἱ
728 1973 786 2050 τὰς
808 1973 957 2052 ἱστορίας
969 1979 1034 2037 τῶν
1051 1973 1234 2050 γεγονότων
1250 1973 1327 2038 άνεα

156 2080 424 2157 προσωποποιίας
449 2079 666 2158 μετέρχονται·
690 2081 798 2159 τρίτον
823 2082 857 2143 δὲ
881 2081 918 2144 τὸ
942 2081 1052 2157 μικτὸν
1074 2081 1106 2148 ἐξ
1123 2080 1327 2161 ἀμφοτέρων,

155 2185 227 2249 οἵαν
251 2187 301 2248 καὶ
325 2188 383 2263 τὴν
407 2183 547 2264 Ὁμήρου
573 2186 704 2264 ποίησιν
729 2185 820 2269 εἶναι,
851 2187 890 2251 τά
914 2189 971 2266 μὲν
997 2191 1068 2265 ταῖς
1097 2191 1163 2252 τῶν
1186 2187 1328 2268 πραγμά·

154 2312 220 2355 των
244 2291 437 2371 άφηγήσεσι,
466 2293 505 2356 τά
533 2294 568 2357 δὲ
591 2296 662 2371 ταῖς
688 2297 752 2357 τῶν
776 2294 964 2372 προσώπων
994 2296 1144 2374 μιμήσεσι
1168 2299 1328 2359 πεποικιλ-

155 2399 264 2478 μένην.
301 2403 398 2477 τριῶν
423 2401 458 2464 δὲ
482 2399 606 2464 τούτων
630 2398 705 2479 παρ’
730 2401 816 2485 αὐτῷ
842 2402 1041 2484 διῃρημένων
1066 2407 1115 2466 δεῖ
1142 2402 1246 2479 δήπου
1269 2403 1328 2481 τὴν

155 2506 367 2585 προκειμένην
397 2508 615 2586 πραγματείαν
644 2508 688 2586 εἰς
717 2509 754 2572 τὸ
784 2510 894 2587 μικτὸν
922 2507 1008 2586 εἶδος
1032 2513 1097 2573 τῶν
1122 2510 1229 2585 λόγων
1253 2508 1328 2574 ἀνα-

155 2613 289 2691 πέμπειν
313 2616 379 2678 κτλ.
432 2615 505 2698 lpse
531 2615 628 2696 igitur
651 2615 796 2681 Platonis
826 2613 867 2678 de
897 2635 931 2680 re
955 2616 1084 2700 publica
1107 2615 1270 2699 dialogum
1295 2615 1327 2681 in

18 2709 45 2744 '¹
154 2739 272 2802 genere
301 2721 402 2785 mixto
430 2729 576 2786 numerat
600 2729 633 2786 et
658 2723 762 2787 verbis
790 2724 841 2787 καὶ
865 2723 963 2800 αὐτός
989 2742 1023 2787 se
1045 2723 1156 2806 ipsum
1183 2725 1328 2806 magistri

154 2827 359 2911 partitionem
392 2828 482 2910 sequi
518 2828 666 2893 confiteri
702 2828 837 2893 videtur.
897 2829 972 2894 Veri
1007 2830 1105 2912 igitur
1140 2830 1242 2896 simile
1279 2837 1327 2895 est

155 2933 423 2999 chrestomathiae
447 2936 633 3021 scriptorem
658 2957 720 3000 non
744 2936 838 3000 aliter
867 2936 993 3002 fecisse.
1041 2937 1107 3002 Sed
1135 2936 1347 3003 chrestoma-'

155 3040 242 3105 thiae
258 3042 356 3106 verba
372 3039 443 3126 ipsa
460 3041 502 3106 ad
519 3043 736 3124 quaestionem
754 3041 996 3108 diiudicandum
1012 3045 1190 3110 sufficiunt.
1229 3043 1326 3128 Apud

155 3146 304 3211 Photium
328 3157 530 3233 opponuntur
555 3149 780 3228 διηγηματικόν
805 3158 836 3214 et
861 3151 1035 3234 hinnuouili,
1060 3151 1091 3215 id
1119 3150 1204 3233 quod
1222 3151 1329 3216 Plato·

155 3254 203 3320 nis
227 3255 382 3320 rationem
408 3255 524 3340 prodit.
572 3257 664 3321 Plato
689 3258 773 3322 enim
798 3258 886 3323 vocis
910 3261 1072 3337 μιμήσεως
1090 3258 1210 3344 duplici
1234 3278 1327 3323 sensu

157 3348 269 3443 utiturss
294 3363 467 3427 secundum
491 3363 624 3428 alterum
643 3373 691 3428 est
710 3365 840 3443 μίμησις
857 3383 968 3428 norma
991 3365 1089 3430 totius
1106 3366 1194 3447 artis,
1218 3385 1328 3430 secun·

156 3467 230 3532 dum
255 3469 390 3533 alterum
417 3470 572 3555 „imitatio
597 3472 831 3536 orationumra
879 3472 1070 3537 Aristoteles
1098 3479 1204 3537 utitem
1234 3469 1328 3555 gene-

156 3575 214 3640 rali
239 3583 361 3640 tantum
381 3577 469 3641 vocis
493 3577 655 3656 μιμήσεως
679 3578 838 3642 sententia
861 3579 907 3642 uti
932 3579 1046 3644 soleti.
1083 3579 1143 3644 Hic
1160 3579 1259 3662 igitur
1275 3598 1327 3662 ge·

155 3683 222 3747 neri
242 3683 423 3748 enarrativo
440 3704 501 3748 non
519 3683 713 3749 mimeticum
731 3705 891 3769 opponere
908 3695 1014 3770 potest
1030 3686 1087 3752 sed
1104 3686 1326 3751 dramaticum.

156 3915 204 3968 die
223 3915 440 3968 aristotelische
451 3913 657 3984 Zweiteilung.
696 3915 748 3969 Boi
760 3916 885 3970 Photius
900 3919 978 3971 steht
994 3933 1052 3971 ιιιιι·
1066 3918 1120 3971 das
1131 3916 1327 3971 Endrcsultat

155 4020 243 4058 ...er
263 4004 316 4056 hat
334 4005 411 4058 eben
437 4019 494 4057 nur
517 4003 571 4057 das
591 4004 679 4058 letzte
699 4005 848 4074 Ergebnis
869 4022 927 4060 νοιι
947 4007 1079 4066 Proclus'
1099 4007 1326 4076 Erbrterungen

155 4093 321 4162 mitgeteilt.

261 4178 270 4215 ¹
291 4181 327 4233 cf.
349 4197 376 4249 p.
391 4180 456 4250 2623
478 4181 596 4250 Kayser
616 4199 644 4251 p.
661 4183 701 4236 10.

260 4267 272 4304 2
291 4271 327 4323 cf.
338 4269 462 4337 Finsler,
476 4271 562 4325 Plato
575 4287 604 4324 π.
620 4271 669 4325 die
680 4273 904 4328 Aristotelischa
915 4275 1031 4328 Poetih.
1051 4273 1132 4343 Lips.
1147 4275 1223 4329 1900.
1244 4291 1271 4344 p.
1284 4276 1327 4331 17.

259 4356 407 4413 ³Finsler
426 4376 453 4428 p.
468 4359 516 4430 26;
536 4359 681 4430 Bernays,
702 4360 1038 4431 ZwaiAbhandlungen
1058 4364 1135 4417 iiber
1155 4361 1327 4419 dieAristo-

156 4448 278 4504 tolische
298 4448 426 4504 Theorie
446 4448 499 4504 des
518 4449 640 4518 Drama,
663 4451 739 4520 1880,
758 4467 786 4520 p.
802 4451 860 4505 140.
