3118 5044
756 318 931 370 ...5-3..

362 499 428 566 Sed
450 520 534 566 nnnc
556 497 783 582 explicandum
807 503 868 578 est,
893 517 949 563 cur
965 498 998 564 in
1014 498 1136 563 scholio
1150 497 1344 564 Londinensi
1362 519 1428 564 ver-

256 609 305 674 his
336 607 563 686 διηγηματικὸν
595 607 646 668 καὶ
679 605 788 684 μικτὸν
818 612 967 686 quattuor
991 605 1047 669 illa
1076 625 1196 688 genera
1225 605 1429 690 eomprehen-

255 715 381 782 dantur.
427 715 568 778 Primum
602 721 667 777 tres
698 714 804 796 poesis
834 712 1039 779 characteres
1067 723 1291 779 enumerantur
1319 721 1352 779 et
1376 714 1429 779 de·

256 821 419 888 liniuntur.
467 820 548 883 Tum
573 819 710 903 scriptor
735 812 994 903 comprehendit:
1029 820 1097 898 εἴδη
1121 824 1179 884 τοῦ
1203 825 1429 900 οιηγηματικοῦ

255 931 305 994 καλ
330 930 438 1008 μικτοῦ
463 927 618 1004 τέσσαρα,
641 925 762 1005 ἐπικὸν,
787 926 980 1008 ἐλεγειακὸν,
1009 927 1163 1009 ἰαμβικὸν,
1193 929 1336 1006 μελικόν·
1373 935 1430 994 τοῦ

256 1037 448 1116 δραματικοῦ
465 1032 533 1109 εἴδη
550 1033 631 1114 τρία,
656 1033 818 1114 τραγικόν,
842 1033 991 1114 κωμικόν,
1014 1035 1199 1113 σατυρικὸν.
1237 1037 1273 1100 Ια
1290 1056 1328 1101 eo
1346 1037 1430 1119 quod

256 1143 361 1208 verbis
397 1143 621 1219 οιηγηματικοῦ
658 1141 708 1203 καὶ
739 1144 848 1219 μικτοῦ
880 1148 1029 1223 quattuor
1057 1141 1113 1205 illa
1142 1162 1262 1224 genera
1289 1145 1430 1208 inserun-

255 1257 316 1326 tur,
351 1246 558 1312 olfenderunt
587 1246 757 1329 Usenerus,
794 1248 972 1332 KaibeliuS,
1010 1248 1222 1316 Immischius.
1270 1251 1431 1317 Usenerus

255 1363 377 1422 mutare
393 1353 523 1419 volebat
543 1354 575 1433 (l.
590 1354 611 1417 l.
628 1375 660 1438 p.
674 1354 739 1418 626
756 1354 859 1434 adul:
887 1355 963 1433 Εἴδη
987 1360 1045 1420 τοῦ
1071 1362 1296 1436 οιηγηματικοῦ
1321 1385 1340 1420 ι
1367 1386 1386 1421 a
1411 1386 1430 1420 a

256 1463 354 1548 <Εἴδη
383 1465 440 1526 τοῦ
469 1461 599 1544 μικτοῦ>
629 1446 658 1543 ὸ,
692 1462 803 1526 ἐπικὸν
835 1466 899 1526 κτλ.
954 1461 1121 1529 Kaibelius
1151 1464 1229 1529 illud
1261 1472 1431 1550 propterea

178 1647 183 1658 ⁸
254 1571 376 1636 factum
413 1587 482 1636 esse
516 1570 661 1653 putabat,
698 1569 772 1652 quia
805 1589 893 1634 mera
923 1572 1096 1636 enarrativi
1128 1573 1255 1655 generis
1282 1573 1431 1657 exempla

255 1677 382 1742 omnino
406 1697 468 1740 non
493 1675 675 1740 extitissent
691 1695 795 1758 neque
812 1683 923 1742 extare
941 1685 1080 1762 possent.
1118 1678 1220 1756 Quam
1238 1680 1429 1745 sententiam

254 1783 297 1849 ad
321 1781 523 1848 refutandam
547 1784 625 1848 satis
649 1788 698 1849 est
722 1783 841 1848 referre
865 1783 908 1848 ad
932 1779 1039 1848 locum'
1060 1785 1159 1864 illum,
1185 1806 1277 1868 quem
1302 1806 1320 1851 e
1346 1806 1428 1851 com·

254 1890 410 1955 mentario
435 1889 467 1952 in
492 1889 735 1974 Rempublicam
759 1891 879 1974 scripto
903 1891 1144 1975 exscripsimus:
1181 1893 1211 1956 οἱ
1239 1894 1316 1972 τοὺς
1347 1898 1430 1957 διθυ-

255 1998 397 2077 ράμβους
430 1996 614 2075 γράφοντες
648 1998 699 2060 καὶ
727 1997 757 2061 οἱ
786 1997 843 2074 τὰς
873 1997 1018 2076 ἱστορίας
1048 2004 1114 2063 τῶν
1145 1991 1329 2076 γεγονότων
1353 1999 1429 2064 ἄνευ

254 2104 523 2182 προσωποποιῖας
560 2104 781 2184 μετέρχονται;
818 2111 850 2168 et
886 2103 918 2167 in
954 2105 1189 2189 prolegomenis
1230 2106 1262 2170 in
1296 2107 1429 2172 Hesiodi

256 2210 363 2295 Opera
380 2210 508 2292 scriptis
525 2209 675 2292 legimus:
700 2211 926 2288 διηγηματικὸν
950 2211 1007 2290 μέν
1031 2211 1120 2275 ἐστιν
1144 2213 1180 2276 ἐν
1203 2214 1229 2297 ᾧ
1253 2213 1272 2277 ὁ
1295 2216 1429 2294 ποιητὴς

256 2319 355 2396 μόνος
379 2317 527 2396 φαίνεται
551 2316 783 2398 φθεγγόμενος,
809 2316 920 2397 ὥσπερ
941 2318 1079 2382 ἐνταῦθα
1096 2318 1114 2382 ὁ
1131 2322 1265 2398 ποιητὴς
1278 2318 1429 2400 Ἡσίοδος

256 2425 354 2504 μόνος
383 2425 419 2488 ἐν
449 2426 544 2488 παντὶ
573 2429 617 2508 τῷ
642 2423 863 2503 συγγράμματι
891 2426 1038 2504 φαίνεται
1063 2427 1324 2505 διολεγόμενοςῑ.
1373 2429 1429 2491 Irn-

255 2530 406 2597 mischius
437 2531 585 2613 denique,
619 2537 654 2595 ut
685 2527 833 2606 vidimus,
868 2530 900 2595 in
929 2530 1124 2597 scholiastae
1152 2534 1260 2598 verbis
1293 2535 1430 2617 vestigia

255 2639 367 2703 relicta
401 2657 472 2703 esse
508 2638 662 2703 censebat
689 2637 906 2721 bipertitionis
937 2638 979 2702 ad
1008 2638 1154 2704 Platonis
1184 2641 1429 2725 tripartitionem

256 2745 439 2810 translatae.
486 2744 563 2809 Mihi
599 2743 728 2826 quidem
761 2745 793 2809 in
826 2744 948 2810 scholio
983 2746 1061 2809 nihil
1092 2745 1260 2812 offendere
1295 2749 1429 2815 videtur.

256 2851 373 2918 Generi
398 2852 581 2917 enarrativo
610 2872 672 2915 non
698 2851 826 2933 quidem
855 2857 924 2916 tota
947 2871 1077 2936 genera,
1107 2853 1164 2918 sed
1189 2855 1335 2939 singulae
1359 2878 1429 2943 poe·

255 2961 299 3025 sis
322 2959 448 3044 species
475 2957 667 3023 tribuuntur.
714 2959 752 3022 In
776 2965 916 3023 tractatu
933 2959 1127 3026 Coisliniano
1152 2961 1355 3026 continentur
1378 2981 1430 3026 vo·

256 3068 345 3132 cibus
368 3066 521 3145 ἱστορική,
554 3067 749 3149 παιδευτική,
775 3067 963 3147 ὑφηγητική,
988 3069 1173 3147 θεωρητική.
1237 3067 1333 3152 Apud
1358 3069 1429 3133 Dio·

256 3175 379 3240 medem
405 3173 719 3258 (p.53,11Kaibel)
743 3173 898 3257 legimus:
927 3181 981 3260 „ot
1005 3194 1038 3239 se
1062 3174 1182 3241 habent
1206 3182 1271 3240 tres
1286 3175 1430 3258 georgici

255 3290 287 3346 et
311 3282 413 3366 prima
437 3301 514 3365 pars
539 3281 655 3363 quarti,
681 3281 756 3346 item
773 3280 904 3346 Lucreti
929 3281 1071 3347 carmina
1095 3291 1127 3348 ct
1151 3290 1258 3348 cetera
1282 3281 1332 3348 his
1348 3283 1430 3346 simi-

254 3390 328 3453 lia.“
379 3387 474 3452 Talia
510 3388 657 3472 exempla
691 3388 839 3452 Proclum
877 3387 1060 3454 definitioni
1095 3391 1222 3472 generis
1257 3389 1429 3454 enarrativi

255 3494 420 3560 addidisse
436 3495 492 3575 (cf.
507 3515 587 3560 com.
601 3494 634 3558 in
648 3495 761 3580 Remp.
780 3495 800 3559 l.
818 3515 842 3560 s.
856 3515 884 3560 ο.
903 3503 934 3560 ct
950 3497 1095 3580 prolegg.
1113 3497 1145 3560 in
1159 3495 1291 3562 Hesiod.
1310 3496 1330 3561 l.
1347 3517 1372 3562 s.
1388 3499 1429 3575 c.)

256 3610 415 3688 procerte
434 3602 546 3668 habeo.
595 3600 661 3668 Sed
678 3621 740 3666 non
761 3602 932 3686 ignorabat
956 3602 1014 3668 has
1037 3605 1173 3687 species,
1198 3604 1225 3670 si
1243 3608 1372 3690 spectas
1388 3603 1429 3668 ad

255 3711 400 3793 formam,
425 3730 487 3774 non
508 3729 602 3793 posse
620 3707 775 3794 distingui
800 3710 841 3775 ab
865 3709 1032 3795 epopoeia‚
1057 3711 1172 3792 elegia,
1198 3712 1316 3794 iambo,
1341 3713 1427 3796 poesi

253 3818 365 3903 lyrica.
397 3818 573 3900 Propterea
595 3818 627 3880 in
645 3825 830 3902 conspeetu,
855 3836 948 3899 quem
965 3819 997 3881 in
1014 3818 1081 3883 fine
1097 3817 1207 3902 dabat,
1233 3821 1265 3884 ei
1280 3817 1365 3901 qnod
1383 3825 1430 3884 est

255 3924 481 4002 διηγηματικὸν
514 3925 564 3988 καὶ
597 3925 707 4002 μικτόν
739 3945 861 3990 summo
891 3925 959 3990 iure
990 3931 1058 3991 tota
1087 3946 1207 4008 genera
1241 3927 1427 4011 epopoeiam

203 4043 205 4046 ·
257 4031 393 4112 elegiam
419 4035 527 4095 cetera
553 4026 694 4095 tribuit&
733 4030 917 4114 Diomedes,
951 4032 1041 4097 cuius
1070 4032 1169 4116 capiti
1193 4033 1299 4098 Procli
1324 4032 1427 4098 locum

358 4301 368 4337 ¹
388 4303 425 4357 ef.
445 4301 648 4356 Immischium
667 4320 694 4372 p.
708 4302 760 4357 263
770 4318 843 4372 sqq„
864 4302 1033 4372 Kayserum
1053 4320 1081 4373 p.
1096 4303 1137 4357 12.

361 4389 373 4427 2
393 4393 428 4446 cf.
445 4390 559 4446 Anecd.
574 4392 687 4446 Estens.
707 4391 769 4446 110
788 4395 826 4463 (p.
837 4392 872 4446 58
887 4392 988 4460 Kays.)
1007 4394 1051 4445 ὅτι
1070 4393 1200 4446 ἐποποιοί
1218 4393 1288 4446 εἰσιν
1307 4394 1334 4447 ol
1346 4398 1428 4460 χωρὶς

254 4481 418 4547 πλάσματος
441 4481 477 4535 ἐν
502 4483 638 4550 ἡρωικῷ
661 4483 679 4547 ἢ
704 4473 762 4534 καίΙ
785 4481 930 4550 ἐλεγείῳ
951 4481 1067 4552 μέτρῳ
1089 4482 1333 4549 διηγούμενοί
1351 4489 1428 4537 τινα
