3118 5044
660 325 690 334 Α-
727 295 762 349 39
800 325 832 334 -.

158 457 220 541 sint
249 476 428 541 oratoribus
458 475 509 541 vel
542 477 581 541 iis
616 475 689 560 ,qui
714 482 749 540 ut
773 481 916 541 oratores
947 476 1031 540 fiant
1054 473 1243 541 intendunt“
1271 495 1328 550 ex·

157 584 262 668 ponit,
302 590 432 668 poetas,
472 583 656 666 historicae,
696 590 855 663 oratores,
895 583 1102 668 philosophos
1140 589 1328 669 pertractat.

157 691 229 758 Non
253 691 346 755 aliter
374 710 425 756 res
453 711 487 756 sc
518 691 616 756 hahet
646 691 679 754 in
705 691 918 774 Hermogenis
946 693 1018 769 περὶ
1048 691 1143 756 ἰδεῶν
1174 690 1256 756 libro
1286 691 1330 756 al·

157 803 236 864 ter0.
283 798 335 862 Ab
359 817 397 862 eo
422 797 551 880 quidem
577 797 750 883 scriptores
774 797 837 862 alio
862 797 975 862 ordine
1000 797 1234 880 describuntur,
1258 816 1329 864 cum

157 903 253 970 certis
284 903 473 986 quibusdam
504 904 587 969 ideis
616 904 858 988 subiungantur.
913 906 950 969 Iu
975 904 1082 989 capite
1105 905 1148 986 X,
1175 904 1260 988 quod
1284 903 1330 968 in·

156 1010 306 1078 scribitur
335 1014 407 1091 περὶ
435 1016 492 1076 τοῦ
523 1016 687 1076 πολιτικοῦ
716 1013 825 1093 λόγου,
861 1012 1094 1078 Demosthenes
1117 1020 1149 1077 et
1174 1013 1331 1078 Homerus

157 1117 393 1204 significantur,
433 1120 466 1182 in
503 1119 617 1201 quibus
657 1139 766 1184 omnes
803 1117 896 1183 ideae
932 1119 1051 1204 optime
1086 1120 1206 1184 mixtae
1241 1125 1329 1199 sunt,

156 1225 199 1292 ct.
213 1225 274 1292 Rh.
289 1226 403 1291 Graec.
428 1233 451 1290 t.
469 1225 518 1289 ΙΙΙ
541 1246 574 1309 p.
591 1226 656 1291 366
673 1244 743 1308 sqq.
763 1225 811 1290 W.
861 1225 976 1310 Capite
1000 1227 1146 1308 sequenti
1172 1224 1257 1308 quod
1282 1231 1331 1290 est

155 1335 308 1413 περὶτοῦ
333 1333 445 1412 ἁπλῶς
469 1337 633 1398 πολιτικοῦ
659 1334 758 1410 λόγου
790 1334 897 1416 agitur
924 1333 965 1398 de
990 1333 1098 1419 Lysia,
1128 1335 1232 1416 Isaeo,
1262 1334 1330 1418 Hy·

91 1483 93 1490 ,
155 1440 276 1524 peride,
300 1441 452 1523 Isocrate,
471 1440 643 1524 Diuarcho,
662 1439 831 1523 Aeschine,
853 1440 1052 1524 Antiphoute
1076 1449 1215 1523 oratore,
1239 1440 1331 1505 Anti·

114 1611 116 1618 .
155 1546 277 1632 phoute
311 1547 464 1633 sophista,
502 1547 612 1624 (initia,
648 1547 808 1632 Lycurgo,
844 1547 1030 1629 Andocide;
1070 1567 1141 1632 cap.
1170 1547 1236 1612 XII
1269 1547 1329 1613 sub

157 1654 250 1720 titulo
284 1657 356 1733 περὶ
388 1659 445 1718 τοῦ
483 1654 594 1733 ἁπλῶς
629 1659 847 1732 πανηγυρικοῦ
882 1653 1106 1720 describuntur
1137 1653 1329 1738 Xenophon,

157 1761 333 1830 Aeschines
349 1744 544 1843 Socraticus,
569 1762 782 1843 Nicostratus,
808 1760 1001 1843 Herodotus,
1024 1759 1242 1845 Thucydides,
1266 1760 1328 1826 He-

156 1873 297 1932 cataeus.
360 1867 487 1933 Deinde
523 1867 749 1952 Theopompo,
783 1867 933 1953 Ephoro,
970 1867 1156 1948 Hellanico,
1192 1866 1329 1932 Philisto

156 1975 268 2059 paucis
285 1976 539 2042 commemoratis
563 1973 707 2058 pergitur
731 1995 762 2059 p.
775 1976 851 2058 400,
868 1976 990 2057 l2sqq.
1008 1976 1073 2040 W.:
1099 1974 1234 2052 Τούτοις
1258 1973 1330 2038 ἑπό

157 2082 254 2160 μενόν
278 2081 346 2145 ἐστι
362 2083 439 2159 τοὺς
456 2085 522 2160 μεθ’
542 2080 687 2160 Ὅμηρον
703 2082 838 2159 ποιητὰς
860 2081 1101 2161 χαρακτηρίσαι,
1126 2080 1236 2159 ὥσπερ
1252 2081 1330 2160 τοὺς

157 2189 234 2268 μετὰ
258 2189 474 2266 Δημοσθένην
499 2189 637 2267 ῥήτορας
662 2189 958 2270 ἐχαρακτηρίζομεν,
983 2189 1034 2251 καὶ
1056 2189 1133 2267 τοὺς
1150 2187 1228 2267 μετὰ
1244 2187 1330 2251 Πλά-

156 2317 244 2360 τωνα
277 2294 522 2376 λογογράφους,
562 2295 722 2373 πρότερον
755 2296 827 2373 περὶ
866 2295 973 2359 αὐτῶν
1006 2294 1138 2358 ἐκείνων
1172 2294 1329 2376 εἰπόντες,

156 2402 335 2480 Πλάτωνος
360 2403 412 2466 καὶ
424 2402 668 2483 Δημοσθένους,
694 2401 805 2481 ῶσπερ
830 2403 880 2466 καὶ
904 2403 976 2482 περὶ
1000 2400 1151 2481 Ὁμήρου.
1185 2399 1267 2479 ἴσως
1292 2402 1329 2465 δὲ

157 2511 302 2587 καὶπερὶ
329 2508 455 2573 τούτων
488 2508 546 2572 οὐκ
574 2508 756 2588 ἀναγκαίως
784 2509 963 2591 εἰρήκαμεν,
996 2509 1186 2585 δυναμένων
1209 2507 1329 2591 ῥᾳδίως

126 2617 394 2695 ’χαρακτηρίζειν
426 2616 478 2679 καί
509 2614 605 2680 πάνθ’
635 2615 808 2680 ὁντιναοῦν
840 2617 891 2679 καὶ
923 2616 1001 2680 νέον
1033 2617 1084 2679 καὶ
1113 2615 1254 2681 παλαιὸν
1277 2615 1329 2681 καὶ

157 2725 294 2801 ποιητὴν
324 2724 375 2786 καὶ
404 2721 613 2801 λογογράφον
643 2724 694 2786 καὶ
724 2722 844 2801 ῥήτορα
876 2724 942 2786 τῶν
970 2722 1009 2786 τὰ
1032 2722 1141 2799 γενικὰ
1165 2723 1203 2799 δὴ
1226 2725 1329 2786 ταῦτα

156 2831 223 2916 εἴδη
257 2832 314 2894 τοῦ
349 2829 447 2905 λόγου
482 2830 532 2893 καὶ
562 2827 633 2892 οἷον
657 2833 802 2908 στοιχεῖα
825 2829 933 2908 πάσης
958 2829 1046 2906 ἰδέας
1070 2828 1326 2910 ἐπεσκεμμένων,

155 2939 227 3020 περὶ
251 2935 299 3000 ῶν
321 2937 379 3014 τὴν
403 2939 513 3000 πᾶσαν
541 2937 758 3015 πραγματείαν
787 2935 1214 3014 ταύτηνσυνεστησόμεθα.
1244 2937 1329 3001 ὥστε

156 3049 325 3130 περιττῶς,
343 3041 384 3106 ἄν
411 3041 643 3119 πλεονόζοιμεν
671 3044 722 3106 καὶ
746 3045 818 3122 περὶ
841 3049 907 3108 τῶν
930 3047 1074 3122 ποιητῶν
1097 3049 1166 3108 καθ’
1191 3043 1329 3108 ἕκαστον

156 3152 337 3230 διεξιόντες,
361 3149 469 3228 ἄλλως
493 3169 527 3214 τε
551 3151 603 3213 καὶ
632 3151 717 3213 πάνυ
741 3154 866 3215 πολλοῦ
890 3151 1110 3229 γενησομένου
1135 3153 1192 3214 τοῦ
1217 3151 1328 3233 λόγου,

156 3259 321 3336 μὴμόνον
344 3260 504 3336 περιττοῦ.
539 3260 588 3320 δεῖ
620 3257 681 3335 γὰρ
705 3257 754 3336 ,δή
789 3278 852 3322 που
886 3258 1054 3337 πρότερον,
1087 3257 1115 3322 εἰ
1143 3257 1250 3336 μέλλει
1280 3277 1328 3336 τις

155 3369 255 3437 ταῦτα
279 3363 384 3442 ὀρθῶς
409 3365 651 3445 διευκρινήσειν,
685 3365 749 3448 ἰδίᾳ
783 3367 840 3442 μὲν
873 3366 945 3443 περὶ
978 3364 1147 3454 ἐποποιίας
1177 3363 1277 3429 εἰπεῖν
1300 3386 1328 3430 τι

156 3471 295 3534 καὶτῶν
319 3477 386 3552 κατ’
412 3469 513 3549 αὐτὴν
536 3472 697 3548 δευτέρων
720 3491 755 3534 τε
778 3472 829 3534 καί
853 3470 970 3548 τρίτων
994 3472 1061 3549 μεθ’
1084 3469 1240 3554 Ὅμηρον,
1265 3471 1329 3554 ἰδίᾳ

156 3579 183 3643 δ’
201 3577 241 3642 αὖ
265 3579 337 3658 περὶ
360 3579 541 3662 τραγῳδίας
572 3580 622 3643 καὶ
651 3579 820 3660 κωμῳδίας
845 3577 1013 3656 ὡσαύτως,
1041 3584 1107 3642 τῶν
1130 3598 1165 3644 τε
1190 3581 1328 3657 λυρικῶν

155 3684 342 3763 ποιημάτων
374 3687 425 3748 καὶ
457 3687 523 3750 τῶν
554 3684 664 3750 ἄλλων
688 3686 784 3750 εἰδῶν
807 3690 865 3765 τῆς
888 3686 1054 3763 ποιήσεως
1078 3684 1233 3750 ἁπάντων
1256 3691 1326 3750 καθ’

155 3781 293 3866 ἕκαστόν
320 3812 356 3868 γε
385 3791 493 3856 αὐτῶν
525 3794 636 3871 εἰπεῖν,
667 3794 715 3870 τίς
740 3793 758 3856 ὁ
782 3799 911 3873 πρῶτος
940 3794 991 3857 καί
1015 3793 1067 3857 διὰ
1089 3793 1128 3868 τί,
1161 3795 1213 3857 καὶ
1236 3793 1328 3871 τίςὸ

155 3899 306 3976 δεύτερος
329 3899 381 3962 καὶ
405 3899 457 3962 διὰ
480 3899 526 3962 τί·
561 3898 645 3963 ὥστε
670 3900 790 3978 σχεδὸν
814 3899 859 3977 είς
883 3898 1066 3978 ἀπέραντόν
1094 3921 1123 3964 τι
1146 3901 1204 3964 τὸν
1229 3900 1328 3978 λόγον

155 4009 338 4091 προελθεῖν,
391 4006 461 4073 Nec
495 4013 670 4070 memoratu
701 4007 867 4090 indignum
900 4012 958 4089 est,
996 4005 1081 4088 quod
1113 4006 1154 4072 de
1186 4006 1327 4072 Homero

156 4111 235 4177 dicit
257 4133 289 4196 p.
315 4113 395 4177 375:
434 4111 567 4192 ἄριστος
598 4112 658 4178 οῦν
688 4114 767 4178 κατὰ
798 4113 904 4178 πάντα
933 4113 1040 4192 λόγων
1064 4114 1132 4192 είδη
1157 4115 1208 4179 καὶ
1238 4134 1327 4193 ποιη-

155 4225 220 4283 τῶν
249 4218 403 4284 ἁπάντων
433 4222 484 4284 καὶ
515 4220 662 4300 ῥητόρων
696 4222 747 4285 καὶ
777 4222 995 4300 λογογράφων
1018 4219 1171 4301 Ὅμηρος.
1219 4221 1327 4287 Etiam

156 4326 218 4392 Dio
257 4326 503 4411 Chrysostomus
544 4347 589 4392 or.
625 4327 752 4412 XVIII,
801 4328 856 4393 uhi
898 4325 1002 4392 amico
1046 4327 1079 4392 iu
1119 4349 1154 4394 re
1197 4328 1327 4413 publica

156 4440 293 4518 versato,
330 4434 384 4517 qui
416 4435 562 4513 παιδείας
596 4434 742 4514 ὀρέγεται
776 4436 827 4500 καὶ
863 4438 1034 4516 φιλοκαλεῑ
1065 4437 1136 4515 περὶ
1168 4437 1228 4515 τὴν
1260 4439 1327 4502 τῶν
