3118 5044
754 343 912 398 -3..

242 514 384 591 'mentum
410 525 464 606 (V.
488 526 558 606 Us.)
585 524 627 589 ad
653 524 920 609 Neoplatonioum
949 523 1108 606 quendam
1141 523 1246 588 redire
1275 523 1316 587 ab
1340 523 1419 588 Use-

238 633 322 698 nero
346 633 514 718 probatum
538 638 595 698 est.

354 739 419 805 Sed
444 758 662 822 quaecumque
686 744 885 821 argumenta,
922 739 1036 821 quibus
1060 737 1221 804 Diadochi
1245 738 1420 803 auotoritas

247 837 410 924 fulciatur,
433 845 531 911 allata
555 851 637 926 sunt,
662 842 705 909 ad
723 845 866 927 singulas
889 851 1012 910 tantum
1029 865 1080 911 res
1096 846 1265 930 pertinent.
1304 845 1420 930 Super·

248 973 422 1019 vacaneum
448 953 546 1035 igitur
569 972 632 1016 non
655 950 789 1033 videtur,
815 949 919 1016 denuo
941 951 1030 1016 illam
1055 972 1120 1017 rem
1144 951 1176 1016 in
1201 953 1420 1034 quaestionem

248 1079 374 1126 vocare
421 1057 571 1127 Nondum
605 1059 783 1141 quaesitum
813 1059 864 1123 vel
894 1058 1075 1141 neglectum
1099 1067 1158 1139 est,
1184 1058 1261 1141 quid
1292 1058 1421 1124 tandem

247 1167 279 1232 in
313 1167 494 1232 universum
528 1165 718 1250 philosopho
748 1185 818 1230 cum
852 1164 1122 1231 chrestomathiae
1150 1167 1305 1251 scriptore
1337 1186 1420 1230 com-

247 1295 341 1339 mune
374 1273 426 1354 sit,
463 1274 577 1356 quihus
611 1271 774 1339 scribendi
808 1271 1059 1357 proprietatibus
1083 1273 1177 1356 plane
1210 1275 1422 1338 consentiant.

247 1382 386 1446 Primum
412 1381 510 1464 igitur
535 1398 726 1463 quaeramus
750 1399 883 1444 necesse
909 1386 967 1461 est,
990 1399 1083 1463 quem
1107 1380 1212 1445 locum
1235 1378 1423 1445 Diadoehus

247 1489 280 1552 in
310 1487 532 1572 philosophiae
560 1487 680 1551 finibus
707 1487 861 1570 obtineat,
893 1506 957 1568 qua
989 1507 1023 1552 re
1057 1508 1077 1551 a
1105 1487 1220 1552 ceteris
1247 1487 1423 1571 Neoplato·

248 1596 329 1660 nicis
364 1592 508 1658 differat.
556 1594 667 1675 Neque
697 1594 808 1677 ignota
837 1593 921 1660 dico.
970 1593 1028 1658 llle
1064 1600 1112 1659 est
1135 1593 1266 1678 primus,
1300 1595 1353 1677 qui
1378 1600 1422 1659 to·

249 1710 314 1767 tam
338 1701 642 1785 Neoplatonieorum
667 1700 868 1784 disciplinam
899 1702 931 1765 in
955 1699 1099 1766 ordinem
1117 1707 1160 1765 et
1192 1701 1320 1765 vincula
1352 1706 1424 1765 arta

250 1808 365 1892 coegit.
413 1807 543 1872 Summa
579 1813 648 1872 arte
680 1805 861 1872 'definiendi
899 1814 931 1872 et
964 1805 1187 1888 distribuendi,
1218 1826 1300 1891 quae
1327 1807 1424 1893 plane

249 1914 420 1982 abhorrere
447 1912 575 1978 videtur
604 1913 645 1979 ab
668 1911 754 1978 illins
778 1913 914 1980 hominis
943 1913 1093 1996 moribus,
1129 1914 1183 1997 qui
1207 1914 1351 1998 mysticis
1374 1934 1424 1978 re·

249 2023 309 2088 bus
333 2020 489 2104 indulget,
514 2021 568 2102 qui
593 2019 644 2085 dis
670 2026 702 2085 et
727 2018 936 2086 daemonibus
962 2020 1210 2086 familiarissime
1235 2022 1344 2103 utitur,
1369 2021 1424 2103 qui

249 2129 319 2213 ipse
355 2128 509 2193 miracula
535 2126 637 2208 lacit,
677 2126 863 2192 aedificium
897 2127 1086 2211 disciplinae
1118 2127 1203 2192 illius
1235 2129 1423 2197 construxit.
1481 2139 1498 2158 ··

250 2236 368 2302 Omnes
396 2234 464 2299 eius
492 2232 670 2299 disserendi
698 2234 905 2300 sobrietatem
933 2242 1113 2318 agnoscunt
1136 2240 1168 2299 et
1187 2234 1423 2299 admirantur1.

230 2341 449 2424 Quicumque
482 2340 779 2406 commentariorum
814 2341 847 2404 in
876 2341 1020 2407 Platonis
1055 2339 1202 2423 dialogos
1234 2341 1423 2425 scriptorum

251 2449 478 2534 prolegomena
510 2455 543 2513 et
571 2447 726 2531 imprimis
754 2467 792 2513 ea
822 2448 955 2532 scripta,
990 2449 1044 2512 ubi
1074 2448 1205 2514 Proclus
1237 2447 1331 2512 nullis
1359 2448 1425 2512 vin·

251 2556 331 2621 culis
354 2554 536 2639 impeditur,
572 2554 662 2620 velut
686 2552 777 2636 illud,
813 2553 898 2636 quod
927 2555 1112 2639 inscriptum
1141 2563 1189 2621 est
1217 2555 1424 2635 Στοιχείωσις

251 2662 418 2739 θεολογική
449 2661 655 2745 pervolverit,
692 2660 766 2725 huic
799 2660 919 2726 iudicio
952 2661 1101 2727 assentiri
1135 2662 1263 2727 minime
1299 2660 1424 2727 dubita·

251 2770 307 2834 hit.
351 2769 576 2850 Unusquisque
596 2766 843 2849 animadvertet,
868 2787 962 2850 quam
981 2766 1154 2850 diligenter
1169 2770 1307 2853 scriptor
1322 2790 1342 2834 a
1359 2768 1422 2852 pri-

357 2980 368 3017 ¹
387 2981 424 3036 cf.
444 2981 592 3036 Zellerum
611 2979 664 3045 III,
683 2979 700 3033 2
719 2997 747 3050 p,
760 2980 827 3035 782:
859 2979 922 3034 Das
941 2996 1041 3050 ganne
1061 2979 1169 3035 Gchiet
1189 2979 1242 3034 der
1267 2979 1424 3049 neupleto-

252 3072 375 3126 nischen
386 3057 662 3140 Uberlierorungon
682 3073 735 3123 mit
748 3071 846 3124 einern
866 3071 1038 3139 regelrecht
1051 3071 1257 3124 entvorfenen
1271 3069 1424 3138 logischen

252 3161 326 3216 Netz
346 3177 384 3215 nu
403 3174 603 3230 umspannen,
621 3159 720 3213 dieses
740 3174 838 3228 ganne
848 3157 947 3214 Chaos
960 3175 999 3213 nu
1013 3159 1139 3226 ordnen,
1158 3158 1248 3212 allem
1267 3158 1425 3212 einzelnen

253 3251 336 3304 seins
355 3249 523 3304 bestimmtc
544 3246 634 3303 Stelle
656 3248 879 3315 ausuumitteln‚
908 3248 966 3302 alle
985 3247 1121 3316 Liicken,
1150 3247 1199 3301 die
1222 3247 1285 3300 sich
1309 3247 1426 3300 hierbei

253 3337 479 3406 herausstellen,
504 3352 542 3391 zu
562 3342 725 3407 ergannen,
754 3337 811 3390 alle
829 3335 1065 3405 Widerspriichc
1085 3336 1330 3404 auszugleiehen,
1362 3335 1426 3389 dies

251 3429 289 3481 ist
309 3428 358 3482 die
371 3426 523 3496 Aufgabe,
544 3426 657 3481 welche
666 3426 792 3480 Proklus
813 3426 875 3480 sich
895 3425 1024 3494 gestella,
1045 3425 1108 3479 und
1129 3426 1241 3480 welche
1260 3441 1300 3493 er,
1321 3427 1428 3480 soweit

253 3518 296 3571 sie
315 3517 488 3586 iiberhaupt
506 3516 608 3571 ldshar
627 3532 698 3582 var,
718 3516 772 3569 mit
787 3515 963 3570 ebensoviel
983 3515 1362 3581 logischerMeisterschaft
1381 3515 1426 3569 als

252 3606 411 3675 religidser
429 3605 653 3675 Begeisterung
672 3605 771 3674 geldst
790 3605 854 3672 hat3
887 3608 916 3658 et
935 3621 963 3674 p.
977 3604 1043 3659 787:
1066 3603 1127 3658 Aul
1146 3605 1246 3659 dieser
1263 3606 1426 3659 merkwiir-

254 3695 346 3764 digera
355 3694 555 3762 Verbindung
566 3708 627 3747 von
635 3693 931 3748 Abstraktionskraft
943 3695 1006 3747 und
1018 3693 1206 3762 Phantastik‚
1214 3709 1275 3748 von
1283 3693 1427 3749 Wissens·

253 3784 316 3838 und
337 3781 650 3837 Glaubensbediirfnis
674 3782 784 3836 heruht
803 3782 852 3837 die
877 3782 1120 3853 philosophische
1139 3783 1427 3853 Eigentiimlichkeit

254 3874 307 3927 des
320 3872 462 3940 Proklus3
483 3873 513 3926 in
532 3872 579 3925 ihr
598 3872 675 3940 liegt
693 3871 771 3924 auch
791 3871 845 3925 der
862 3870 969 3926 Grund
986 3871 1074 3940 jenes
1085 3871 1352 3932 Scholasticismua
1374 3871 1428 3926 der

252 3963 304 4015 ihn
323 3965 413 4016 unter
433 3961 492 4015 den
512 3961 720 4030 griechischen
731 3960 934 4030 Philosophen
953 3962 1155 4016 auszeichnet.
1185 3961 1225 4014 Er
1237 3961 1346 4015 hesitnt
1359 3962 1427 4015 eine

253 4051 367 4110 seltene
386 4048 511 4105 Schtrfe
535 4050 587 4104 des
610 4050 766 4120 logischen
786 4049 931 4106 Denkens
952 4065 977 4105 e.
998 4066 1025 4119 q.
1046 4066 1068 4104 s.
1105 4049 1211 4119 Neque
1238 4050 1325 4104 aliter
1344 4049 1426 4104 Win-

254 4139 434 4193 dclbandlus
463 4138 501 4193 de
529 4138 634 4192 Proclo
664 4134 766 4193 nostro
794 4139 909 4193 iudicat
937 4139 1048 4193 Lehrb.
1075 4137 1102 4191 d.
1127 4136 1235 4192 Gesch.
1266 4139 1292 4192 d.
1317 4139 1426 4193 Philos.

253 4245 281 4297 p.
295 4228 347 4282 207
367 4227 470 4282 adnot.
490 4227 520 4282 1:
539 4227 714 4282 Persdnlich
734 4228 979 4283 charakterisiert
998 4228 1061 4282 sich
1081 4227 1171 4283 dabei
1190 4227 1222 4281 P.
1243 4228 1337 4282 durch
1358 4229 1427 4283 eine

253 4317 488 4388 merkviirdige,
516 4316 747 4386 psychologiseh
771 4317 876 4371 hdchst
899 4317 1101 4371 interessente
1120 4318 1281 4389 Mischung
1299 4333 1361 4372 von
1385 4317 1425 4371 lo-

253 4408 395 4477 gischem‚
425 4408 470 4462 bis
496 4421 550 4460 zur
573 4405 753 4470 Pedanterie
781 4407 979 4476 getriebenen
1002 4405 1215 4461 Formalismus
1243 4407 1306 4461 und
1336 4408 1425 4461 liber-

186 4483 188 4488 ’
254 4495 527 4566 schwenglichster,
549 4495 867 4565 wundergldubigster
885 4495 1110 4565 Frhmmigkeit.
