3118 5044
653 351 810 406 „9-

147 530 278 597 mordiis
303 530 438 615 incipiat
462 538 495 596 et
518 532 664 597 omnibus
687 532 822 599 saltibus
845 531 956 596 vitatis
979 530 1032 594 via
1055 549 1094 594 ac
1125 529 1249 594 ratione
1273 525 1315 592 ad

146 639 246 703 finem
270 637 504 723 progrediatur.
551 640 672 704 Domus
694 639 835 722 imagine
859 637 979 723 optime
1002 638 1129 716 utimur,
1158 636 1185 701 si
1210 634 1316 700 Procli

146 745 376 828 proprietatem
393 765 587 828 cognoscere
604 745 760 811 volumus:
788 743 1019 810 Fundamentis
1034 749 1185 808 accurate
1202 743 1316 825 positis

148 853 419 934 contignationem
444 853 572 933 extruit,
597 872 680 935 quae
701 850 861 937 lapidibus
885 851 1062 935 expleatur.
1103 849 1219 916 Omnia
1236 851 1317 913 inter

147 977 181 1022 se
208 956 377 1041 quadrant,
401 958 488 1024 nulla
511 959 626 1025 lacuna
652 959 727 1024 hiat.
765 959 868 1040 Atque
892 959 924 1022 in
948 956 1011 1022 hoc
1034 955 1187 1022 aedilicio
1212 957 1317 1021 omnia
1416 947 1418 952 ’

148 1062 403 1131 commodissime
423 1072 495 1130 sunt
517 1066 673 1130 instituta.
709 1064 800 1130 Latis
824 1064 929 1146 scalis,
954 1083 1086 1146 quarum
1111 1061 1231 1146 gradus
1253 1083 1316 1128 non

148 1171 281 1236 arduum
303 1191 467 1238 ascensum
490 1173 655 1256 praebent,
679 1171 707 1237 is
723 1172 778 1255 qui
794 1173 913 1251 visitat,
939 1191 995 1256 per
1011 1177 1111 1238 totum
1130 1168 1315 1236 aedificium

148 1277 285 1343 ducitur.
334 1277 395 1356 Qui
420 1280 525 1362 imago
550 1278 688 1344 maxime
712 1277 850 1362 quadrat
873 1279 905 1343 in
928 1279 1096 1343 Elementa
1124 1275 1316 1361 theologica,
1370 1304 1375 1312 ¹

148 1405 210 1468 quo
235 1383 276 1449 de
299 1355 605 1452 libabcreuzerus
632 1387 664 1450 in
689 1386 838 1451 editionis
865 1405 942 1451 suae
972 1385 1133 1470 prooemio
1157 1405 1188 1468 p.
1207 1385 1254 1448 IX
1268 1404 1316 1467 sq.

148 1491 300 1556 iudicium
325 1491 390 1556 fert
415 1491 490 1558 hoc:
519 1491 770 1577 ,Compendium
795 1493 929 1557 dixerim
954 1493 1155 1558 Plotinianae
1179 1489 1317 1556 Theolo-

147 1600 221 1683 giae
245 1599 314 1664 sive
338 1598 558 1684 enchiridium,
583 1619 645 1681 quo
665 1620 747 1680 quae
764 1600 902 1684 plurima
915 1600 1059 1665 Plotinus
1076 1597 1116 1663 de
1133 1597 1194 1664 deo
1210 1598 1316 1664 rebus·

150 1726 211 1788 que
236 1704 354 1773 divinis
377 1705 531 1792 disputat,
562 1728 602 1772 ex
626 1708 794 1772 multarum
820 1707 1008 1772 Enneadum
1037 1713 1224 1790 argumento
1254 1705 1316 1771 col·

149 1813 233 1878 lecta
262 1812 374 1878 ordine
403 1813 573 1880 dialectico
602 1813 822 1899 disponuntur.
851 1815 1065 1896 brevibusque
1089 1813 1248 1897 capitibus
1270 1813 1316 1878 iu·

149 1920 238 1986 clusa
262 1928 422 2004 ponuntur
438 1928 512 1986 ante
529 1921 638 1986 oculos
662 1921 827 2001 lectorum,
852 1922 906 2004 qui
923 1923 1047 1986 ratione
1063 1940 1102 1984 ac
1119 1908 1173 1985 ria
1189 1920 1318 1986 edoceri

148 2028 280 2111 cupiunt
304 2025 464 2092 derebus
487 2027 529 2093 ad
554 2027 737 2111 theologiae
753 2048 907 2093 summam
923 2025 1185 2111 pertinentibus.“
1227 2025 1317 2104 Quae

148 2155 221 2200 cum
245 2135 291 2198 ita
314 2133 386 2216 sint,
411 2155 484 2199 num
509 2136 622 2200 mirum
646 2141 695 2200 est
715 2135 908 2220 posteriores
935 2135 1100 2200 scientiam
1128 2133 1317 2218 disciplinae

149 2241 403 2326 Neoplatonicae
427 2263 448 2306 a
463 2242 577 2307 Proeto
596 2243 780 2327 sumpsisse,
805 2243 857 2324 qui
882 2250 1101 2326 argumentum
1126 2242 1157 2306 in
1182 2241 1317 2306 formam

148 2355 215 2414 tam
249 2347 449 2414 commodam
479 2347 622 2415 fuderit?
669 2350 802 2416 Constat
834 2350 917 2415 inter
950 2369 1059 2415 omnes
1091 2349 1317 2415 scholasticum

147 2455 235 2518 illum
249 2474 306 2539 per
319 2453 456 2520 medium
471 2476 584 2521 aevum
598 2457 730 2522 multum
745 2456 883 2523 valuisse
895 2460 916 2518 ¹.
943 2455 1024 2534 Quin
1038 2457 1133 2521 etiam
1147 2476 1211 2521 non
1223 2454 1317 2521 modo

148 2569 368 2645 argumentum
393 2562 571 2628 sedetiam
595 2565 699 2630 forma
722 2585 741 2629 a
765 2565 902 2648 posteris
924 2571 1055 2649 recepta
1079 2571 1137 2629 est.
1174 2563 1262 2628 Elias
1284 2565 1317 2627 in

149 2670 388 2750 commentario,
413 2669 498 2752 quod
522 2671 555 2734 in
572 2671 753 2737 Aristotelis
769 2672 959 2753 Categorias
982 2671 1121 2755 scripsit,
1147 2671 1319 2736 confitetur

149 2776 262 2841 Proclo
298 2783 429 2842 auctore
464 2797 499 2842 se
528 2777 710 2842 Aristotelis
747 2777 981 2862 philosophiam
1011 2777 1123 2842 decern
1160 2778 1318 2862 capitibus

149 2882 400 2948 circumcludere
425 2891 593 2948 comment.
619 2885 650 2947 in
664 2883 795 2951 Aristot.
817 2903 924 2967 graec.
942 2885 1005 2950 vol.
1018 2884 1132 2949 XVlll
1153 2888 1165 2946 l
1191 2905 1222 2968 p.
1241 2886 1318 2950 107:

149 2991 226 3055 δέκα
249 2991 285 3053 δέ
309 3006 373 3055 τισι
397 2992 585 3070 κεφαλαίοις
602 2992 820 3070 περικλείομεν
836 2993 895 3069 τὴν
911 2991 1011 3056 αὐτοῖν
1028 2993 1240 3071 φιλοσοφίαν.
1270 2995 1321 3056 καῖ

148 3100 300 3175 πρῶτον.
317 3147 322 3159 .
339 3098 412 3161 ,διὰ
440 3099 469 3162 τί
499 3095 601 3162 οὕτω(
630 3097 803 3176 ὠνομάσθη
829 3098 847 3176 ἡ
872 3096 1114 3178 Ἀριστοτέλους
1138 3100 1321 3179 φιλοσοφία

148 3203 383 3282 Περιπατητική
399 3251 425 3266 ..
439 3252 446 3267 .
461 3202 612 3282 δεύτερον
625 3203 672 3281 τίς
689 3204 709 3282 ἡ
722 3204 877 3283 διαίρεσις
894 3211 959 3268 τιῖιν
972 3203 1232 3283 Ἀριστοτελικῶν
1246 3222 1321 3283 συγ-

148 3309 384 3389 γραμμάτων..
402 3312 530 3389 ,τρίτον
542 3311 642 3375 πόθεν
659 3315 708 3375 δεῖ
724 3310 877 3389 ἄρχεσθαι
893 3316 959 3404 τῶν
969 3309 1232 3391 Ἀριστοτελικῶν
1244 3328 1321 3390 συγ-

147 3416 360 3497 γραμμάτων.
376 3467 382 3482 .
396 3419 568 3497 ,τέταρτον
581 3419 609 3482 τί
621 3418 762 3497 τὸτέλος
776 3419 883 3482 αὐτῶν
896 3468 902 3482 .
916 3469 922 3484 .
936 3471 942 3485 .
956 3420 1102 3498 πέμπτον
1112 3421 1160 3498 τίς
1174 3421 1192 3498 ἡ
1204 3421 1318 3499 μεταξὺ

149 3523 238 3604 δδός,
263 3523 356 3589 έκτον
379 3528 476 3589 ποῖον
500 3529 548 3588 δεῖ
571 3523 653 3589 εἶναι
671 3526 730 3589 τὸν
754 3525 958 3604 ἀκροατήν..
975 3526 1134 3606 ,ἕβδομον
1154 3530 1250 3591 ποῖον
1273 3531 1321 3591 δεῖ

148 3629 229 3694 εἶναι
254 3631 312 3695 τὸν
335 3631 490 3709 έξηγητήν
504 3680 511 3695 .
526 3681 532 3694 .
549 3630 688 3708 ,ὄγδοον
711 3632 740 3697 τί
763 3634 801 3696 τὸ
824 3631 912 3710 εἶδος
936 3636 993 3710 τῆς
1018 3633 1215 3712 φράσεως..
1232 3633 1320 3698 ,ένα-

148 3757 206 3801 τον
230 3737 282 3802 διὰ
313 3739 342 3802 τί
371 3737 534 3817 ἀσάφειαν
563 3739 777 3817 ἐπετήδευσεν
795 3789 801 3803 .
821 3789 827 3803 .
847 3789 853 3802 .
871 3741 1006 3805 δέκατον
1032 3742 1208 3820 κεφάλαιον
1232 3742 1321 3807 πόσα

132 3846 199 3908 καὶ
214 3844 286 3908 τίνα
303 3849 351 3909 δεῖ
367 3844 605 3924 προλαμβάνειν
622 3848 745 3924 παντὸς
762 3844 1016 3925 Ἀριστοτελικοῦ
1041 3848 1173 3926 βιβλίου.
1213 3849 1321 3914 Ταῖιτα

147 3951 254 4014 πάντα
277 3955 335 4015 roo
348 3952 500 4031 Πρόκλου
524 3953 677 4033 λέγοντος
699 3957 768 4017 δεῖν
784 3954 1023 4034 προλαμβάνειν
1039 3953 1239 4034 ἀρχομένους
1256 3963 1321 4021 τιῖιν

254 4155 265 4192 ¹
286 4157 322 4210 cf.
342 4155 489 4211 Zollcrum
509 4173 537 4226 p.
551 4158 616 4212 tat:
636 4158 698 4212 Das
714 4157 832 4228 System
852 4158 905 4213 des
919 4159 951 4212 P.
972 4159 1066 4213 bildet
1085 4161 1220 4214 insolern
1239 4160 1323 4213 nicht

148 4245 229 4300 bloss
252 4245 312 4299 deu
331 4243 550 4315 Schlusspunkt
575 4247 629 4301 der
648 4247 848 4317 Philosophia,
877 4248 1007 4302 sondern
1035 4248 1113 4302 auch
1139 4248 1193 4302 das
1211 4247 1321 4302 Binda-

147 4333 239 4402 glied,
269 4333 324 4387 das
347 4334 433 4388 ihren
452 4320 622 4404 llbergaug
644 4337 674 4388 in
695 4336 743 4390 die
763 4336 1015 4390 mittelalterlicha
1034 4336 1252 4392 Wisseuschaft
1270 4337 1321 4391 be-

149 4422 294 4489 zeichnet,
320 4422 369 4476 die
385 4423 419 4491 ja
438 4424 516 4477 auch
537 4425 672 4478 wirlrlich
692 4439 747 4478 aus
767 4426 869 4479 seincr
890 4424 999 4479 Schule
1011 4466 1015 4478 .
1028 4465 1033 4478 .
1046 4467 1051 4480 .
1064 4426 1113 4479 die
1132 4425 1319 4496 nachhaltig—

149 4520 216 4568 sten
234 4510 445 4582 Aureguugen
464 4514 624 4584 geschbptt
643 4515 702 4568 hat.
