3118 5044
560 351 810 417 ,49-

136 542 232 622 Quod
266 564 304 609 e0
339 543 470 608 consilio
499 541 658 608 adductus
687 564 749 607 non
779 563 887 609 omnes
919 543 1081 610 versiones
1109 544 1309 611 enumeravit

135 650 196 716 sed
220 671 315 716 unam
339 649 461 732 eximit,
484 669 577 714 nemo
602 649 725 714 crimini
750 650 779 715 ei
804 649 903 716 (labit.
938 649 1003 716 Sed
1028 656 1061 714 ut
1085 659 1307 735 argumentum

136 757 302 840 adeamus,
338 757 370 821 in
394 757 523 822 summis
552 757 646 821 rebus
670 777 848 841 anonymus
872 763 903 822 et
927 756 1083 823 scholium
1108 778 1179 822 cum
1203 759 1308 825 Procli

136 867 321 930 narratione
341 870 539 946 congruunt.
585 862 682 948 Apud
708 863 855 928 Proclum
880 863 961 930 duas
989 865 1061 930 illas
1085 867 1309 950 etymologias,

137 992 272 1054 quarum
289 971 392 1035 altera
414 968 599 1036 comoediae
621 989 736 1034 numen
760 991 876 1035 avoce
900 972 988 1050 κώμη
1013 972 1140 1055 (κίοιτε),
1165 973 1266 1038 altera
1290 995 1310 1040 a

138 1098 220 1144 voce
245 1081 352 1156 κῶμος
377 1077 586 1156 (comissatio)
611 1075 710 1158 ducit,
736 1084 999 1143 commemoratas
1023 1077 1163 1158 (tertiam
1187 1100 1207 1143 a
1230 1099 1310 1146 voce

139 1191 232 1266 κῶμα
257 1183 448 1268 [dormiendi
472 1181 609 1267 tempus]
634 1203 705 1248 curn
730 1184 770 1248 iis
794 1185 1009 1264 coniunctam)
1039 1185 1138 1251 inisse
1167 1187 1311 1252 efficitur

138 1312 157 1357 c
186 1291 378 1358 scholiorum
411 1292 545 1374 Dionys.
577 1290 656 1355 locis
685 1310 709 1355 s.
735 1309 779 1372 c.;
820 1292 862 1355 cf.
888 1291 1026 1375 Etymol.
1049 1291 1091 1355 M.
1122 1313 1152 1377 p.
1175 1293 1256 1375 764‚·
1275 1296 1310 1377 13

137 1400 289 1483 Prolegg.
318 1401 351 1463 in
375 1397 538 1483 Lycophr.
563 1397 722 1482 p.34,1r
751 1397 910 1479 (Kaibel);
936 1397 1051 1464 anecd.
1074 1399 1201 1466 Esteus.
1248 1401 1310 1468 Nc·

140 1526 203 1590 quc
238 1506 298 1572 bae
333 1505 550 1589 etymologiae
586 1506 619 1568 in
657 1505 808 1588 anonymi
847 1512 986 1570 tractatu
1026 1512 1081 1570 aut
1119 1507 1151 1570 in
1190 1507 1311 1573 scholio

139 1615 265 1680 desunt.
314 1613 357 1678 ef.
393 1633 487 1678 anon.
515 1615 580 1690 τὴν·
604 1613 639 1676 δὲ
667 1611 847 1689 ὀνομασίαν
876 1611 960 1691 ἔχειν
988 1617 1054 1678 κτλ.
1084 1621 1116 1678 et
1139 1615 1311 1681 scholium:

139 1721 280 1799 ὕστερον
309 1722 344 1783 δὲ
378 1719 442 1784 άπὸ
471 1723 529 1783 τοῦ
563 1718 643 1782 κατὰ
676 1703 785 1798 κώμας
820 1717 976 1798 ἄρξασθαι
1008 1719 1128 1798 ταύτην
1159 1724 1235 1800 πρίν
1267 1723 1313 1800 εἰς

139 1827 223 1892 ἄστυ
255 1831 426 1909 μετελθεῖν,
460 1827 611 1910 κωμῳδία
644 1825 829 1904 ὠνομάσθη.
882 1826 1088 1910 Etymologia
1119 1834 1224 1908 κῶμος
1253 1831 1338 1914 etsi

139 1936 173 2000 in
197 1934 318 2000 scholio
342 1953 404 1998 non
429 1934 616 1997 nominatim
641 1932 802 2009 laudatur,
834 1935 999 1998 tamenin
1023 1935 1129 2000 verbis
1152 1936 1312 2015 πρότερον

140 2043 198 2121 μὲν
221 2041 273 2120 ἐφ’
305 2040 469 2120 ἱλαράτητί
497 2061 557 2104 τινι
587 2042 637 2103 καὶ
667 2045 800 2118 καρπῶν
826 2046 1000 2124 συγκομιδῇ
1025 2042 1194 2121 γιγνομένη
1218 2043 1315 2126 inest·

140 2149 185 2214 ci.
209 2147 403 2213 Euanthium
429 2168 459 2231 p.
476 2147 562 2222 621
593 2146 692 2226 (Com.
711 2146 765 2211 Gr.
783 2146 822 2211 lr.
840 2147 986 2226 Kaibell:
1014 2146 1162 2226 „Initium
1187 2155 1312 2232 tragoe-

140 2255 215 2344 diae
240 2264 271 2320 et
295 2253 480 2320 comoediae
504 2275 524 2319 a
548 2253 642 2318 rebus
666 2251 783 2319 divinis
807 2260 855 2318 est
881 2253 1075 2337 incohatum,
1113 2256 1227 2337 quibus
1254 2277 1313 2342 pro

140 2362 300 2427 fructibus
324 2369 401 2426 vota
424 2360 584 2427 solventes
601 2361 977 2444 operabantu1·antiqui“
1005 2371 1042 2432 et„
1055 2383 1083 2428 ν.
1101 2363 1140 2426 15
1160 2363 1231 2447 „vel
1248 2362 1312 2428 ἀπὸ

141 2473 200 2533 τοῦ
230 2468 387 2547 κωμάζειν
415 2470 466 2532 καὶ
495 2468 595 2550 ᾄδειν,
633 2466 718 2550 quod
747 2475 795 2533 est
820 2475 1029 2534 comessatum
1060 2469 1107 2534 ire
1131 2477 1315 2550 cantantes3‘

143 2575 229 2659 qnod
261 2577 388 2662 appetis
416 2575 561 2640 sollemni
590 2574 642 2640 die
671 2575 723 2640 vel
751 2576 906 2642 amatorie
931 2571 1171 2642 lascivientibus
1196 2575 1314 2661 [choris

100 2745 102 2752 .
142 2683 285 2768 comicis]
310 2702 371 2746 non
396 2681 579 2747 absurdum
592 2687 671 2747 cst“.
720 2681 845 2747 Deinde
862 2689 894 2747 et
917 2682 1004 2766 apud
1023 2703 1215 2769 anonymum
1232 2684 1314 2750 etin

142 2790 265 2857 scholio
294 2791 468 2855 communis
493 2791 631 2872 originis
653 2789 787 2855 duarum
814 2789 969 2856 dramatis
993 2792 1170 2874 specierum
1195 2793 1315 2857 mentio

143 2898 183 2962 fit
200 2897 396 2982 etymologia
411 2899 571 2981 τρυγῳδία
595 2898 704 2980 allata,
729 2916 791 2979 quo
814 2898 893 2963 locu
910 2898 1006 2963 etiam
1031 2891 1220 2964 adverbum
1245 2899 1314 2964 fere

143 3006 254 3072 ambos
271 3011 447 3088 congruere
464 3007 526 3069 iam
541 3005 702 3070 diximus
721 3005 847 3072 Similia
860 3005 980 3071 habent
993 3007 1044 3071 Et.
1058 3002 1089 3070 M
1108 2999 1183 3100 764,
1198 3008 1313 3090 8sqq.;

143 3114 290 3198 prolegg.
303 3114 336 3177 in
349 3111 551 3198 Lycophron.
567 3134 598 3197 p.
610 3113 663 3188 34,
678 3112 717 3177 16
730 3113 786 3195 Κ,;
805 3113 912 3182 Tuetz.
925 3113 1107 3192 iambarept
1123 3120 1212 3194 διαφ.
1226 3101 1319 3194 ποιηέ

143 3223 209 3284 τῶν
227 3241 257 3305 p.
271 3221 324 3302 36,
334 3221 376 3284 ὀί
390 3221 431 3284 K.
471 3220 550 3284 Cum
575 3215 751 3304 anonymus
775 3221 807 3284 in
832 3221 994 3303 prooemio
1019 3221 1231 3305 etymologias
1247 3209 1315 3290 tan·
1345 3203 1347 3207 ,

144 3333 211 3392 tum
236 3347 422 3392 enumerare
446 3327 525 3392 satis
549 3326 705 3409 habuerit,
737 3348 757 3392 a
782 3327 957 3393 scholiasta
981 3327 1084 3404 simul,
1110 3326 1194 3410 quod
1219 3321 1315 3414 supra

144 3434 207 3503 iarn
240 3435 415 3517 tetigimus
453 3433 611 3516 quomodo
640 3433 806 3499 comoedia
833 3434 988 3519 paulatim
1017 3439 1088 3499 orta
1116 3435 1187 3516 sit„
1203 3434 1316 3519 paucis

145 3541 337 3625 explicatur:
363 3542 522 3620 πρότερον
546 3542 603 3619 μὲν
617 3589 624 3604 .
639 3589 647 3606 .
663 3541 761 3619 ,μετὰ
784 3543 940 3606 τοῦτοδὲ
964 3543 1014 3605 καὶ
1034 3542 1085 3606 ἐπὶ
1109 3545 1241 3627 διαβολῇ
1265 3544 1316 3606 καὶ

145 3648 276 3714 ἐνδείξει
299 3651 452 3727 πονηρῶν
476 3647 665 3727 προσώπων
688 3669 722 3714 τε
738 3649 789 3712 καὶ
805 3648 1002 3727 πραγμάτων
1018 3648 1063 3726 εἰς
1080 3639 1316 3728 σωφρονισμὸν

145 3755 342 3833 ποιουμένη..
382 3752 510 3836 ¹Quibus
545 3753 653 3827 verbis
685 3761 820 3838 apparet
855 3774 925 3820 eum
961 3753 1219 3841 descriptionem,
1252 3775 1316 3837 qua

146 3854 334 3929 comoediae
358 3860 491 3926 historia
516 3861 669 3945 bipartita
692 3868 770 3944 erat,
796 3868 871 3927 ante
895 3862 1004 3927 oculos
1023 3855 1187 3944 babuisse,
1212 3861 1321 3945 qualis⁴

146 3975 236 4034 extat
268 3969 300 4032 in
324 3967 463 4033 Tuetzae
497 3975 654 4034 tractatus
687 3970 768 4048 (Pa)
802 3969 898 4033 tertia
929 3976 1030 4053 parte.
1084 3968 1175 4046 Quod
1209 3967 1318 4034 nostra

145 4077 278 4140 interest
302 4075 484 4145 exscribam
504 4096 536 4159 p.
556 4075 644 4158 luc
670 4073 727 4142 K.:
763 4077 815 4140 καί
840 4070 938 4140 πάλιν
966 4081 1034 4140 καθ’
1053 4075 1178 4153 ’ἑτέραν
1206 4077 1331 4155 διαίρε-.

147 4198 200 4248 σιν
231 4186 300 4260 τῆς
318 4183 492 4270 κωμῳδίας
513 4183 562 4247 ’τὸ
596 4182 654 4262 μέν
687 4183 775 4274 ἐστιν
808 4180 952 4262 ἀρχαῑοη
984 4184 1022 4266 τά
1058 4184 1093 4247 δὲ
1129 4184 1213 4248 νέον.
1261 4183 1318 4249 Se·

147 4297 286 4372 quuntur
323 4291 437 4371 quibus
467 4290 600 4376 antiqua
638 4299 670 4355 et
702 4310 786 4355 nova
818 4289 985 4374 differant,
1028 4289 1112 4372 quod
1149 4288 1191 4354 ad
1225 4289 1317 4375 ὕλην,

147 4397 273 4479 μέτρον,
299 4398 393 4477 λέξιν,
419 4399 601 4478 διασκευήν,
626 4404 660 4474 ut
674 4397 869 4464 Graecorum
890 4397 993 4463 solitis
1009 4397 1116 4472 verbis
1140 4404 1221 4479 utar,
1246 4399 1317 4463 atti-

147 4509 202 4569 net
226 4510 259 4569 et
283 4524 312 4568 v.
337 4505 381 4568 20
405 4505 562 4588 pergitur:
590 4505 641 4569 καὶ
665 4504 748 4583 αὐτὴ
769 4507 804 4568 δὲ
827 4505 846 4581 ἡ
871 4505 991 4568 παλαιὰ
1014 4505 1130 4582 ἑαυτῆς
1154 4505 1316 4584 διαφέρειῖ
