3118 5044
650 293 827 350 ..57-

151 471 212 552 τὴν
244 474 399 553 τροπικὴν
434 473 492 554 μὲν
527 474 578 539 καὶ
613 473 893 554 φιλοκατάσκευον
930 471 1085 540 σύνθεσιν
1121 471 1202 557 (orl)
1240 492 1329 552 μετα-

153 579 271 662 διώκει,
301 581 332 648 ἐξ
363 580 539 660 ἀνειμένων
569 583 605 646 δὲ
633 584 756 661 μᾶλλον
782 578 985 662 σννήρτιτται.
1034 581 1126 646 Duae
1161 580 1244 645 enim
1278 599 1329 644 res

150 687 236 753 inter
255 706 290 752 sc
311 695 523 772 opponuntur,
548 708 682 771 quarum
704 689 807 754 altera
831 689 1049 773 comparativo
1066 690 1189 765 μᾶλλον
1206 684 1328 751 induci-

153 800 219 875 tur;
254 795 389 879 primam
413 796 511 879 igitur
535 795 691 862 enuntiati
715 803 838 881 partem
864 795 984 879 aliquid
1008 795 1138 880 positivi
1163 794 1332 876 continere

153 920 286 967 neccsse
306 908 374 984 est3
398 902 518 985 aliquid
543 903 621 979 eius,
646 902 731 986 quod
755 903 789 968 in
812 904 915 988 prima
937 908 1030 988 parte
1054 901 1184 982 dicitnr,
1207 900 1329 968 minore

154 1027 347 1090 quamquam
363 1008 459 1074 modo
475 1010 602 1093 generis
617 1010 743 1075 subtilis
760 1010 921 1096 proprium
939 1016 996 1075 est.
1047 1007 1139 1085 Quod
1156 1007 1183 1072 si
1200 1025 1329 1072 conces-

150 1116 294 1196 serimus,
312 1117 408 1181 etiarn
426 1135 559 1198 eaquae
578 1117 772 1182 antecedunt
788 1116 874 1202 apud
889 1116 1035 1182 Proclnm
1053 1115 1165 1179 melius
1181 1113 1325 1196 intellegi

150 1229 293 1306 possunt.
343 1223 391 1287 De
414 1243 533 1306 genere
558 1223 642 1306 quod
664 1230 712 1290 est
735 1223 837 1302 ἁδρὸν
862 1223 940 1288 dicit
957 1221 1108 1287 Photius:
1135 1223 1185 1285 καὶ
1208 1222 1246 1285 τὸ
1270 1221 1328 1298 μὲν

151 1327 253 1406 ἁδρὸν
277 1329 573 1407 ἐκπληκτικώτατόν
589 1330 657 1395 ἐστι
673 1331 724 1394 καὶ
747 1330 1046 1409 κατεσκευασμένον
1069 1327 1236 1408 μάλιστα
1259 1330 1326 1391 κτλ.

150 1434 210 1499 Vel
239 1435 300 1499 hoc
328 1437 524 1519 superlativo
555 1437 742 1521 exprimitur·
765 1438 901 1503 virtutes
932 1435 1080 1502 laudatas
1110 1455 1173 1498 non
1200 1435 1327 1517 generis

149 1541 251 1620 ἁδροῦ
277 1543 375 1608 solius
399 1544 547 1629 proprias
570 1563 650 1610 esse.
697 1544 809 1626 Neque
833 1564 904 1609 cum
922 1542 1069 1608 Kaibelio
1091 1541 1134 1606 ad
1152 1541 1326 1626 particulas

149 1649 255 1728 μέν-
277 1649 312 1713 δέ
335 1657 517 1734 spectantes
535 1650 683 1715 Photium
709 1670 831 1717 errasse
855 1657 970 1734 putare
998 1649 1160 1714 debemus.
1207 1649 1325 1714 Unum-

149 1755 299 1838 quodque
328 1775 429 1840 genus
457 1758 490 1821 in
520 1778 617 1822 aurea
648 1757 755 1822 media
778 1759 831 1822 via
860 1777 989 1822 manere
1013 1776 1093 1841 opus
1121 1764 1187 1835 est3
1220 1774 1322 1838 genus

148 1863 262 1943 ἰσχνόν
285 1863 325 1927 fit
349 1865 512 1946 tancrado,
537 1863 564 1929 si
581 1864 709 1929 modum
728 1872 960 1948 transgressum
985 1872 1044 1929 est.
1081 1863 1148 1928 Illis
1165 1863 1273 1942 μὲν-
1288 1863 1323 1925 δέ

148 1970 343 2055 respondent
367 1970 466 2036 verba
491 1969 590 2057 „etsil
607 2009 649 2018 —
666 1975 813 2056 „tamem‘
840 1971 872 2035 in
897 1971 960 2037 alio
974 1970 1137 2036 Ciceronis
1161 1969 1244 2051 loco,
1269 1968 1324 2032 ubi

149 2076 190 2141 de
214 2076 327 2141 eodem
351 2077 459 2143 subtili
482 2097 601 2161 genere
626 2077 705 2144 dicit
729 2098 774 2143 or.
801 2078 860 2143 76:
890 2075 993 2161 „Etsi
1016 2077 1099 2141 enim
1117 2096 1179 2140 non
1196 2075 1324 2160 plurimi

147 2183 313 2266 sanguinis
351 2193 409 2265 est,
448 2184 567 2256 habeat
606 2194 733 2250 tamen
771 2204 900 2249 suconm
936 2184 1074 2266 aliquem
1110 2189 1245 2267 oportet,
1287 2189 1323 2246 ut

149 2291 302 2354 etiamsi
330 2290 392 2356 illis
420 2292 566 2356 maximis
591 2291 711 2356 viribus
742 2299 862 2373 careat,
893 2292 935 2356 sit
960 2294 1006 2371 (ut
1030 2291 1076 2354 ita
1100 2289 1219 2370 dicam)
1244 2289 1323 2354 inle-

146 2417 206 2481 gra
221 2395 438 2463 valetudine“.
474 2393 542 2462 vox
558 2402 686 2477 γοεροῖς
704 2397 834 2480 quidem
858 2418 969 2482 parurn
995 2396 1134 2479 quadrat
1151 2402 1182 2461 ct
1200 2397 1322 2479 optima

147 2505 286 2569 omnium
315 2503 490 2570 Immisclrii
519 2506 678 2570 sententia
710 2504 835 2570 videtur
865 2525 945 2585 esse,
980 2505 1033 2586 qui
1064 2513 1141 2570 eam
1175 2503 1321 2586 exemplo

147 2631 187 2676 cx
211 2610 314 2676 iliade
338 2621 464 2696 sumpto
488 2611 712 2696 explicandam
736 2619 855 2676 censet.
