3118 5044
732 259 907 312 ..23-

235 435 404 500 Procliana
436 456 506 501 esse
535 456 554 500 e
585 435 717 502 scholiis
745 435 953 520 Dionysianis
981 442 1014 500 et
1041 436 1180 500 Tzetaae
1213 436 1405 500 tractatibus

235 539 416 624 didicimus,
440 541 643 626 respondeat.
689 542 847 608 Nimirum
875 542 938 607 hac
962 543 994 606 in
1018 543 1205 625 quaestione
1227 542 1269 607 de
1292 562 1406 626 prooe-

235 648 298 712 mio
321 655 354 713 et
377 649 581 733 periodorum
605 647 821 734 descriptione
845 657 967 714 tantum
991 651 1108 733 agitur.
1147 649 1219 726 Qua
1235 649 1268 713 in
1283 670 1317 714 re
1334 669 1407 733 pro·

235 755 342 820 banda
365 753 559 822 adminiculo
582 758 675 822 nobis
698 764 748 822 est
770 757 926 823 scholium
950 759 984 822 in
1000 758 1144 823 Platonis
1162 756 1406 841 Rempublicam

236 863 314 942 (394
325 865 356 942 c)
380 863 544 948 scriptum,
569 883 631 945 quo
655 863 697 929 de
721 863 891 947 tragoedia
915 870 948 928 et
964 862 1131 928 comoedia
1147 864 1255 946 agitur
1271 868 1304 927 et
1319 861 1405 944 quod

236 990 254 1034 e
278 968 528 1035 chrestomathia
551 977 712 1055 sumptum
741 990 811 1036 esse
838 971 902 1034 iam
926 971 1122 1035 Mettauerns
1146 969 1180 1050 (l.
1205 969 1225 1034 l.
1250 990 1282 1053 p.
1299 970 1356 1048 36)
1379 968 1407 1033 si

235 1096 298 1140 non
322 1077 471 1160 probavit
499 1083 533 1141 at
561 1083 668 1141 tamen
698 1078 879 1162 suspicatus
907 1084 965 1143 est.
996 1075 1177 1142 ·Scholinm
1200 1082 1236 1139 ut
1259 1096 1277 1140 e
1301 1075 1406 1141 Procli

237 1183 425 1267 compendio
460 1184 594 1249 fluxisse
629 1185 848 1250 existimemus
882 1185 934 1249 vel
967 1205 1006 1250 eo
1039 1204 1285 1265 commovemur,
1321 1181 1406 1264 quod

235 1289 402 1372 scholium,
427 1311 489 1372 quo
508 1290 549 1355 de
566 1289 772 1376 dithyrambo
793 1293 909 1376 agitur,
933 1291 1087 1374 sequitur,
1103 1290 1189 1373 quod
1203 1291 1406 1356 Proelianum

237 1417 307 1462 esse
331 1396 599 1481 supradiximus.
635 1399 672 1462 In
697 1405 831 1480 utroque
855 1399 926 1463 ίοοο
949 1397 1157 1464 scholiastam
1181 1396 1295 1463 eodem
1319 1397 1408 1461 fonte

237 1524 327 1570 usum
351 1524 421 1569 csse
438 1506 505 1569 veri
529 1511 578 1569 est
601 1504 805 1570 simillimum.
853 1507 967 1588 Neque
989 1525 1031 1571 ne
1055 1505 1116 1570 ίιοο
1133 1502 1300 1570 credamus
1316 1523 1410 1586 argu·

237 1603 344 1677 mento
365 1611 564 1696 impedimur.
595 1612 769 1692 Scholion,
787 1620 937 1694 quantum
956 1612 1153 1678 comoediam
1171 1613 1296 1685 attinet,
1319 1612 1411 1675 iuxta

166 1736 169 1742 ·
237 1718 388 1802 anonymi
412 1725 510 1804 caput
532 1719 671 1803 positum
696 1720 890 1785 exscribam:
1023 1793 1026 1802 Δ

443 1846 593 1910 anonym.
1073 1827 1174 1894 schol.

282 1934 340 2010 τὴν
364 1933 536 2016 κωμῳδίαν
559 1933 719 2011 ηῦρῆσθαί
740 1955 798 2013 φα·
895 1937 1044 2020 κωμῳδία
1067 1935 1136 1999 ἐστὶ
1163 1934 1294 2012 ποίησις
1322 1931 1411 2010 ἔμμε-

239 2055 293 2105 σιν
317 2041 380 2104 ῦπὸ
404 2040 652 2119 Σουσαρίωνος·
678 2042 737 2118 τὴν
761 2043 797 2105 δὲ
850 2062 928 2121 τρος
961 2044 1012 2105 καὶ
1044 2041 1123 2120 αὐτή
1157 2041 1241 2119 πρὸς
1274 2039 1411 2119 ἅμιλλαν

238 2148 419 2225 ὀνομασίαν
435 2147 519 2226 ἔχειν
536 2149 566 2213 οἳ
582 2150 639 2228 μὲν
656 2148 705 2212 ὅτι
725 2150 797 2228 περί
852 2152 950 2234 ᾡδής,
974 2149 1132 2228 πρότερον
1156 2150 1214 2227 μὲν
1235 2144 1287 2226 ἐφ’
1304 2145 1411 2223 ἱλαρό-

237 2256 296 2335 τὰς
319 2256 427 2334 κώμας
452 2255 629 2334 περιιόντες
650 2257 731 2339 ήδον
746 2257 797 2319 καί
852 2257 921 2336 τητί
953 2276 1013 2320 τινι
1045 2257 1096 2319 καὶ
1128 2258 1261 2334 καρπῶν
1296 2267 1411 2329 συγκο·

239 2364 471 2444 ἐπεδείκνυντο,
489 2364 582 2441 μήπω
599 2363 729 2427 πόλεων
745 2361 797 2426 οῦ·
832 2369 925 2447 -μιδῇ
949 2363 1130 2441 γιγνομένη,
1155 2362 1233 2440 μετὰ
1256 2363 1353 2424 τοῦτο
1375 2360 1411 2422 δὲ

240 2476 310 2535 σῶν
331 2470 402 2535 ἀλλ’
420 2472 456 2534 ἐν
479 2470 599 2548 κώμοις
622 2470 797 2535 οἰκούντων
852 2473 904 2534 καί
938 2471 989 2534 ἐπὶ
1024 2473 1156 2550 διαβολῇ
1191 2469 1242 2532 καί
1280 2466 1410 2532 ἐνδείξει

239 2577 510 2659 τῶνάνθρώπων,
525 2580 555 2641 οἳ
569 2579 604 2642 δὲ
616 2577 798 2654 ἀντιλέγον-
851 2581 1006 2656 πονηρῶν
1017 2575 1205 2655 προσώπων
1217 2596 1252 2639 τε
1269 2575 1319 2638 καί
1335 2594 1412 2651 πρα-

240 2686 293 2762 τὲς
317 2700 399 2764 φασι
428 2687 468 2763 μή
497 2685 605 2763 κώμας
632 2689 799 2749 καλεῖσθαι
825 2668 828 2755 ί
852 2685 982 2764 γμάτων
994 2683 1039 2760 εἰς
1054 2684 1290 2762 σωφρονισμὸν
1301 2701 1411 2745 ποιου-

240 2789 315 2870 παρ’
325 2791 503 2871 Ἀθηναίοις
514 2791 597 2856 ἀλλὰ
608 2794 798 2874 δήμους,καὶ
853 2793 941 2872 με’νη,
978 2791 1047 2855 καθ’
1083 2792 1123 2868 ἣν
1162 2796 1207 2871 τῷ
1246 2789 1412 2865 νικήσαντι

241 2900 412 2983 κωμῳδίαν
426 2899 526 2977 αὐτὴν
547 2903 713 2980 καλοῦσιν,
731 2901 798 2964 ἐπεὶ
853 2902 1019 2977 γλεῦκος
1044 2897 1214 2987 ἔπαθλον
1237 2897 1409 2970 ἐδίδοτο,

241 3006 277 3070 ἐν
300 3010 370 3084 ταῖς
400 3006 492 3085 δδοῑς
520 3005 694 3084 ἐκώμαζον.
741 3009 799 3084 τὴν
853 3007 1012 3085 ὃτρύγα
1036 3005 1209 3070 ἐκάλουν.
1248 3005 1334 3082 παρὸ
1360 3004 1412 3067 καί

243 3113 343 3191 αὐτὴν
370 3115 406 3178 δὲ
434 3116 486 3178 καί
511 3115 693 3197 τρυγῳδίαν
717 3115 799 3193 φασὶ
853 3115 911 3192 ἥδε
938 3115 975 3177 τὸ
1002 3115 1079 3191 πρὶν
1105 3112 1266 3195 τρυγῳδία
1295 3116 1411 3187 κοίνώς

243 3221 295 3284 διὰ
326 3221 363 3284 τὸ
385 3225 465 3298 ,τοῖς
494 3220 720 3298 εὐδοκιμοῦσιν
748 3221 799 3285 ἐπὶ
854 3222 993 3300 ἐλέγετο,
1027 3219 1165 3298 ὕστερον
1194 3221 1229 3283 δὲ
1256 3217 1321 3282 ἀπὸ
1354 3221 1411 3280 τοῦ

242 3333 287 3412 τῷ
311 3327 437 3411 Ληναίῳ
467 3331 654 3405 γλεῦκος
683 3329 799 3392 δίδο-
855 3327 934 3393 κατὰ
966 3327 1075 3406 κώμας
1108 3325 1263 3404 ἄρξασθαι
1294 3324 1412 3402 ταύτην

149 3461 153 3470 ’
243 3439 344 3516 σθαι,
369 3434 462 3513 ὅπερ
487 3435 651 3499 ἐκάλουν
675 3436 809 3513 τρύγα,Ι
855 3437 930 3513 πρὶν
954 3433 999 3513 εἰς
1019 3433 1101 3498 ἄστυ
1126 3437 1288 3512 μετελθεῖν
1305 3453 1413 3516 κωμῳ-

243 3543 263 3620 ἢ
287 3540 335 3605 ὅτι
359 3545 451 3621 μήπω
473 3544 691 3620 προσωπείων
705 3543 800 3622 ηὑρη·
856 3544 909 3607 δία
930 3541 1115 3620 ὠνομάσθη.

244 3649 350 3726 μένων
394 3651 484 3727 τρυγὶ
525 3651 723 3729 διαχρίοντες
762 3652 801 3714 τὰ
1111 3649 1115 3659 ’

244 3755 404 3833 πρόσωπα
429 3757 649 3834 ὑπεκρίνοντο.

351 3861 399 3926 Ac
427 3864 562 3946 primum
596 3863 722 3946 quidem
753 3885 814 3928 non
845 3863 937 3947 parvi
968 3869 1016 3926 est
1045 3863 1195 3927 momenti
1225 3862 1312 3926 locos
1336 3861 1414 3926 istos

245 3968 341 4032 otiam
375 3970 533 4034 nonnullis
567 3969 672 4035 verbis
703 3989 889 4054 congruere,
922 3967 956 4033 id
985 3968 1070 4051 quod
1100 3968 1134 4031 in
1157 3969 1320 4053 excerptis
1349 3973 1414 4031 tam

244 4074 395 4141 brevibus
419 4075 514 4141 valde
538 4084 586 4142 est
609 4076 827 4161 premendum.
878 4075 1003 4141 Deinde
1027 4077 1058 4139 in
1083 4075 1264 4149 universum
1289 4093 1414 4138 monen-

246 4182 320 4246 dum
356 4191 404 4248 est
437 4184 470 4248 in
502 4183 624 4249 scholio
654 4185 808 4248 rationem
834 4183 1037 4248 Proclianam
1064 4203 1128 4247 non
1156 4183 1299 4267 reperiri,
1330 4180 1414 4264 quod

246 4311 307 4354 non
332 4298 381 4356 est
404 4292 527 4374 mirum,
558 4311 628 4355 eum
653 4290 845 4357 scholiastae
869 4289 1059 4363 interfuerit,
1090 4291 1145 4369 eis,
1175 4291 1229 4372 qui
1253 4289 1413 4372 legebant,

245 4399 358 4483 paucis
381 4399 488 4464 verbis
512 4398 960 4482 comoediaedescriptionem
985 4396 1200 4462 continuatam
1225 4415 1413 4482 proponere.
