3118 5044
652 294 827 348 „13-

151 491 213 553 qne
232 471 311 536 haec
335 475 440 538 omnia
464 480 529 538 tam
553 475 733 539 summatim
758 483 790 540 et
813 475 981 559 perspicue
1000 476 1146 542 instituta
1162 477 1322 562 capitibus

150 578 286 661 singulis
303 580 603 663 circumcludantur,
624 589 659 646 ut
675 582 840 665 scriptoris
857 581 1024 648 consilium
1041 583 1222 667 compendii
1238 603 1322 650 com-

150 684 238 750 modi
263 686 473 771 componendi
498 690 617 775 optimo
641 687 794 754 effectum
823 690 875 754 sit.
922 689 1068 754 Oreuzeri
1096 690 1205 773 verba,
1239 711 1321 774 quae

150 791 191 857 de
215 792 390 860 Elementis
414 783 620 879 Theolog'icis
650 796 739 878 fecit,
775 797 905 861 mutatis
935 795 1095 861 mutandis
1122 798 1155 861 in
1180 797 1320 865 chresto-

149 899 304 964 mathiam
329 902 498 984 quadrant.
538 902 627 981 Quod
654 904 686 967 in
708 902 934 987 philosophiae
958 903 1077 969 finibus
1094 911 1143 970 est
1155 907 1322 985 Στοιχείω-

149 1021 202 1086 σις
222 1011 399 1087 θεολογική,
424 1009 458 1073 id
475 1009 507 1074 in
524 1009 742 1092 grammaticis
765 1011 1003 1089 χρηστομάθεια
1025 1013 1233 1090 γραμματική.
1269 1012 1322 1076 Vi·

150 1112 262 1180 demus
285 1115 384 1197 igitur
407 1116 537 1181 easdem
561 1117 705 1198 virtutes,
731 1116 1045 1200 quibus'Diadoohus
1069 1118 1100 1182 in
1126 1120 1255 1203 scriptis
1278 1119 1320 1185 ad

149 1220 390 1306 philosophiam
425 1224 656 1307 pertinentibus
692 1225 819 1306 eminet,
855 1225 888 1288 in
924 1223 1173 1290 chrestomathia
1206 1225 1321 1292 redire.

150 1325 258 1404 Quare
273 1329 430 1394 neminem
447 1332 520 1408 iam,
546 1332 621 1413 quin
638 1330 887 1396 chrestomathia
900 1331 1134 1416 Neoplatonico
1151 1332 1321 1399 tribuenda

149 1435 202 1516 sit,
226 1434 444 1502 dubitaturum
469 1457 539 1504 esse
563 1438 737 1523 speramus.

258 1542 363 1625 Atque
387 1543 469 1608 hanc
487 1545 614 1611 concise
639 1544 800 1611 scribendi
823 1546 993 1623 rationem,
1016 1546 1119 1627 qualis
1134 1547 1167 1610 in
1184 1546 1321 1614 chresto

149 1648 272 1713 mathia
288 1650 457 1733 invenitur,
475 1672 536 1717 non
554 1653 614 1717 nIsi
630 1653 663 1717 in
677 1652 790 1717 Proclo
807 1651 1024 1735 cognovimus.
1071 1653 1109 1716 In
1133 1660 1320 1737 argumento

151 1755 281 1836 quidem
305 1758 400 1841 plane
424 1781 444 1824 a
467 1761 626 1844 prioribus
649 1759 778 1844 pendet,
803 1758 859 1824 sed
882 1765 993 1841 artem,
1018 1778 1081 1841 qua
1098 1767 1319 1844 argumentum

150 1861 313 1948 disponat,
327 1865 460 1949 dividat,
476 1868 659 1950 coniungat,
676 1873 810 1951 premat,
829 1865 946 1932 anullo
963 1872 1038 1930 ante
1054 1885 1126 1931 eum
1142 1865 1321 1934 adhibitam

149 1969 309 2053 videmus3
335 1993 433 2056 quare
457 1974 534 2057 quid
554 1974 755 2039 Proclianum
781 1975 832 2056 sit,
857 1994 919 2038 non
943 1974 1040 2038 nimio
1064 1975 1194 2058 negotio
1215 1981 1321 2059 potest

150 2074 304 2161 distingui
318 2082 339 2144 ¹.
373 2082 518 2148 Priorum
534 2082 624 2164 liber,
649 2083 701 2164 qui
719 2080 988 2146 chrestomathiae
1004 2081 1100 2166 plane
1116 2081 1319 2166 respondeat,

148 2205 212 2248 non
230 2194 335 2268 extat;
360 2189 479 2254 similes
500 2189 629 2271 quidem
650 2209 700 2254 res
724 2194 941 2253 tractaverunt
959 2208 1030 2252 cum
1040 2187 1101 2260 ,alii
1118 2195 1183 2252 tum
1200 2189 1320 2276 Diony·
1345 2199 1346 2202 ’

149 2291 215 2357 sius
230 2293 370 2360 Musicus
387 2302 419 2360 et
431 2296 535 2361 Rufus
551 2297 581 2360 in
598 2296 698 2376 libris,
723 2296 838 2378 quibus
855 2294 940 2359 idem
958 2295 1069 2360 titulus
1086 2302 1155 2360 erat
1172 2297 1319 2376 Μουσικὴ

148 2395 295 2481 Ἱστορία,
312 2422 391 2484 quos
403 2403 486 2468 inter
499 2424 533 2469 se
546 2401 760 2487 seiungendos
773 2422 843 2468 esse
856 2402 1070 2466 Wentzelius²
1086 2403 1245 2487 probavit.
1269 2404 1320 2468 Ex

150 2507 189 2571 iis
217 2527 300 2590 quae
325 2509 472 2595 Dionysii
500 2509 661 2576 scribendi
692 2511 806 2576 rationi
838 2508 1067 2574 diiudicandae
1092 2515 1220 2592 praesto
1247 2518 1320 2576 sunt

151 2614 198 2692 (ἐν
228 2618 263 2679 δὲ
290 2617 416 2696 τούτοις
448 2618 596 2698 αὐλητῶν
624 2620 675 2683 καὶ
703 2621 891 2701 κιθαρῳδῶν
915 2617 966 2680 καὶ
989 2617 1132 2694 ποιητῶν
1156 2618 1320 2681 παντοίων

149 2722 302 2801 μέμνηται
326 2725 443 2791 Suidas
471 2727 503 2790 in
527 2726 674 2810 Dionysii
703 2726 833 2790 vitaer
859 2722 1022 2807 Hesychio
1050 2725 1190 2807 sumpta)
1214 2724 1320 2789 elucet

149 2831 314 2914 scriptoris
338 2853 400 2898 non
425 2833 606 2898 interfuisse
635 2833 731 2897 breve
756 2838 788 2896 et
812 2833 972 2896 concIsum
999 2823 1220 2914 compendium
1245 2832 1319 2895 scri·

150 2934 234 3000 bere.
284 2937 319 3002 ld
344 2938 429 3022 quod
454 2940 503 3005 vel
528 2960 567 3004 ex
593 2947 720 3020 eventu,
745 2957 839 3020 quem
861 2939 993 3003 Proolus
1017 2944 1049 3002 et
1065 2936 1241 3022 Dionysius
1265 2936 1319 3003 ha-

148 3045 294 3128 buerunt,
319 3047 467 3112 concludi
491 3053 607 3132 potest.
648 3046 750 3112 Huius
773 3046 846 3111 libri
869 3065 992 3130 paucae
1016 3049 1138 3110 tantum
1164 3044 1319 3126 reliquiae

148 3153 333 3218 memoriam
357 3155 510 3236 tulerunt3
536 3161 568 3219 et
591 3151 728 3242 Scherer
751 3153 770 3216 l.
789 3153 810 3217 l.
835 3173 866 3237 p.
883 3152 926 3216 36
950 3153 1019 3236 ipse
1044 3150 1192 3217 concedit
1215 3153 1318 3237 expli·

149 3260 285 3327 candum
310 3262 371 3327 hoo
394 3281 464 3328 esse
488 3262 690 3342 auctoritate,
716 3280 779 3342 qua
795 3257 1045 3325 chrestomathia
1061 3257 1148 3342 apud
1172 3265 1318 3342 posteros

147 3388 223 3434 usus
243 3369 355 3453 fuerit3
380 3389 475 3452 qnam
490 3369 644 3453 Dionysio
671 3366 874 3445 „nonnullum
891 3365 1134 3430 detrimentum“
1161 3366 1316 3432 intulisse.

148 3477 261 3542 Melius
285 3497 380 3560 quam
394 3476 542 3562 Dionysii
567 3475 774 3558 cognovimus
787 3473 864 3538 Rufi
884 3473 1007 3553 librum,
1033 3471 1123 3538 cuius
1139 3472 1179 3538 de
1196 3475 1317 3558 eclogia

147 3585 318 3670 aSopatro
334 3586 430 3650 factis
444 3583 578 3648 Photius
601 3583 700 3648 refert
724 3581 795 3647 cod.
815 3583 874 3646 161
894 3602 926 3665 p.
942 3580 1031 3645 1031)
1050 3579 1190 3646 Bekker.
1230 3581 1317 3648 Satis

147 3699 206 3775 est,
230 3699 266 3757 ut
289 3713 371 3775 quae
395 3690 582 3757 differentia
606 3691 688 3755 inter
711 3689 788 3754 Rufi
813 3695 844 3755 et
867 3687 970 3754 Procli
994 3687 1114 3772 scripta
1137 3688 1317 3754 intercedat

146 3808 302 3883 notemus,
326 3819 431 3885 pauca
455 3799 510 3864 illa
533 3799 633 3863 verba
656 3797 787 3880 afferre,
817 3796 930 3879 quibus
955 3796 1076 3880 primae
1100 3795 1200 3880 partis
1224 3815 1316 3885 argu·

147 3913 287 3975 mentum
311 3928 330 3971 a
355 3906 470 3972 Photio
494 3905 713 3989 significatur:
747 3906 782 3969 ἐν
807 3904 833 3988 ᾧ
857 3906 1014 3984 τραγικῶν
1037 3922 1071 3967 τε
1095 3903 1146 3966 καὶ
1170 3905 1315 3983 κωμικῶν

146 4038 359 4048 α-ι--ι--

253 4097 264 4135 ¹
283 4098 376 4154 NImis
387 4097 580 4166 contemptim
587 4095 831 4150 Wilamowitqus
844 4095 875 4147 in
886 4093 1001 4162 encycl.
1012 4092 1123 4148 Kultur
1133 4093 1187 4147 der
1197 4091 1315 4163 Gegen·

147 4199 229 4249 wart,
249 4188 330 4242 Part.
350 4188 394 4241 18
412 4204 440 4257 p.
454 4186 507 4240 204
525 4185 653 4239 iudicat:
672 4183 719 4237 Pr.
732 4225 738 4237 .
750 4224 756 4236 .
767 4223 774 4236 .
787 4183 917 4237 schreibt
936 4181 976 4250 (d.
996 4182 1023 4234 h.
1044 4182 1174 4268 schreibt
1196 4183 1246 4250 ab)
1267 4183 1316 4238 die

147 4278 392 4344 Chrestomathie,
421 4292 454 4330 so
479 4282 572 4330 etwas
591 4275 647 4328 wie
666 4275 735 4328 eine
757 4271 1063 4328 litterar-hIstorische
1082 4269 1242 4326 Ubersicht
1261 4271 1315 4325 der

146 4369 332 4424 klassischen
350 4366 466 4421 Poesie.

252 4453 474 4526 ²Hesychiana
496 4455 526 4508 ln
546 4452 647 4508 Herm.
666 4452 724 4506 vol.
744 4449 873 4505 XXXIII
893 4449 985 4515 (1898)
1004 4466 1032 4519 p.
1045 4448 1098 4503 28³
1108 4463 1172 4517 sqq.
