3118 5044
675 345 849 399 -37-

172 522 271 600 Quod
298 521 464 607 Posidippi
491 544 605 589 nornen
634 525 665 588 in
691 525 853 590 laterculis
884 524 985 605 deest,
1017 524 1154 590 fortasse
1188 523 1229 588 ad
1263 525 1346 590 oculi

172 650 316 695 errorem
341 629 440 712 redit3
465 630 627 695 antecedit
657 633 739 696 eninr
764 633 795 720 in
821 652 980 716 anonymo
1007 629 1197 716 Philippidis
1221 652 1346 697 nomen.

257 744 259 748 '
284 738 315 804 3.
340 736 405 803 Sed
430 736 592 802 omisimus
616 738 722 803 adhuc
746 746 906 804 oratorum
924 747 957 804 et
976 738 1196 804 historicorum
1213 737 1346 805 indices.

173 827 222 910 U'r
245 843 383 909 vidimus
407 844 536 909 tabulae
554 845 584 908 M
601 846 688 930 prior
703 865 778 930 pars
796 846 964 926 (I-VIII)
989 845 1155 930 posteriori
1181 844 1347 911 tabulaeG

172 957 330 1017 accurate
359 950 541 1034 respondet,
575 953 621 1015 ita
651 960 686 1017 ut
715 952 936 1017 historicorum
968 959 1001 1017 et
1030 959 1189 1017 oratorum
1223 950 1347 1018 iudices

171 1057 302 1140 seiungi
326 1077 346 1121 a
370 1058 486 1122 ceteris
511 1078 572 1121 non
596 1058 728 1142 possint.
776 1057 900 1124 Eodem
923 1057 1018 1123 modo
1046 1078 1109 1140 quo
1134 1059 1232 1123 ceteri
1257 1057 1347 1123 indu-

172 1171 292 1230 cuntur
314 1165 469 1242 ἱστορικοὶ
492 1179 512 1247 r,
543 1165 676 1244 ῥήτορες
700 1180 719 1229 ι.
768 1167 890 1248 Itaque,
918 1167 945 1231 si
969 1172 1134 1249 poetarum
1159 1163 1282 1230 indices
1304 1165 1346 1230 ad

173 1271 326 1338 Proclum
344 1271 488 1353 redeunt,
513 1292 616 1337 nonne
632 1271 717 1337 idem
734 1273 842 1338 valere
866 1272 906 1337 de
931 1272 980 1338 his
1004 1271 1250 1337 existimandum
1275 1272 1347 1337 est?

172 1380 215 1443 In
241 1378 508 1444 chrestomathiae
536 1380 626 1443 initio
650 1379 796 1444 Proclum
823 1379 941 1464 poesim
966 1386 998 1444 et
1021 1399 1147 1464 prosam
1171 1381 1348 1445 orationem

173 1506 366 1571 comparare
390 1506 408 1551 e
431 1485 537 1551 Photii
563 1487 667 1552 verbis
692 1486 796 1552 elucet
820 1490 870 1552 καὶ
901 1487 936 1552 ἐν
961 1489 1018 1565 μὲν
1040 1495 1086 1573 τῷ
1110 1488 1228 1572 πρώτῳ
1253 1487 1347 1571 λέγει,

173 1593 224 1673 ὡς
249 1594 280 1658 αλ
303 1593 396 1658 αὐταί
424 1594 506 1658 εἰσιν
535 1593 643 1673 ἀρεταὶ
670 1598 728 1658 τοῦ
754 1596 853 1671 λόγου
877 1597 928 1659 καὶ
951 1595 1138 1675 ποιήματος,
1163 1593 1347 1673 παραλλάσ-

173 1715 276 1766 σουσι
300 1702 336 1764 δὲ
356 1700 452 1784 ἐντῷ
476 1703 599 1778 μᾶλλον
623 1703 673 1765 καὶ
696 1701 803 1779 ἧττον.
833 1700 1032 1766 Sententiam
1057 1702 1154 1784 igitur
1177 1701 1348 1785 profitetur

174 1809 299 1893 poesim
333 1816 365 1871 et
397 1827 574 1873 sermonem
609 1806 791 1891 pedestrem
827 1810 917 1873 unius
950 1810 1077 1890 generis
1109 1808 1234 1893 species
1266 1827 1346 1872 esse.

174 1915 249 1992 Qua
265 1913 305 1979 de
322 1935 356 1980 re
380 1915 547 1980 Kaibelius
570 1936 601 1999 p.
616 1917 652 1978 21
672 1935 719 1997 sq.
745 1921 777 1980 et
802 1915 1003 1982 Immischius
1026 1937 1057 2000 p.
1082 1915 1147 1980 255
1169 1934 1216 1998 sq.
1245 1914 1348 1980 fusius

175 2031 323 2104 egerunt,
353 2041 484 2104 quorum
509 2020 562 2086 ille
586 2023 682 2086 etiam
707 2023 812 2106 poesis
835 2020 1067 2105 definitionem,
1096 2041 1191 2105 quarn
1217 2021 1347 2089 Proolus

174 2129 312 2214 praebet
354 2112 471 2207 (schol.¹
499 2129 632 2212 Dionys.
666 2150 697 2213 p.
722 2129 803 2210 449,
828 2130 867 2194 21
896 2131 979 2211 sqq.)
1019 2130 1051 2194 in
1094 2129 1181 2194 illam
1223 2135 1348 2194 senten·
1435 2187 1437 2192 ,

175 2239 255 2300 tiam
281 2234 440 2319 quadrare
464 2234 614 2302 ostendit.
662 2236 704 2298 At
726 2234 883 2318 Proclum,
916 2255 998 2318 quae
1021 2235 1244 2320 propinquitas
1266 2237 1348 2300 inter

175 2345 300 2428 poesim
341 2350 373 2408 et
411 2363 537 2428 prosam
573 2343 748 2407 orationem
784 2329 974 2424 intercedat,
1013 2362 1141 2407 monere
1176 2343 1255 2409 satis
1294 2341 1348 2407 ha-

176 2450 284 2515 buisse
313 2448 512 2514 Immischius
541 2470 572 2533 p.
598 2449 662 2512 246
683 2468 731 2530 sq.
765 2448 887 2513 statuit.
942 2449 978 2514 Si
1010 2469 1060 2514 res
1093 2450 1139 2513 ita
1171 2469 1206 2514 se
1239 2448 1348 2532 habet,

175 2555 354 2642 putandum
394 2563 442 2622 est
479 2576 550 2622 eum
592 2557 645 2637 qui
684 2576 823 2622 canones
861 2556 990 2642 scripsit
1028 2556 1237 2642 praefationis
1280 2576 1347 2622 ver·

176 2665 228 2730 bis
252 2670 442 2729 commotum
466 2683 523 2729 sua
547 2671 660 2749 sponte
684 2663 931 2729 clarissimorum
962 2663 1185 2730 historicorum
1219 2669 1251 2729 et
1280 2684 1348 2729 ora-

177 2778 281 2836 torum
315 2773 443 2836 nomina
475 2770 649 2836 addidisse.
708 2770 774 2836 Sed
812 2772 919 2837 nescio
954 2792 995 2835 an
1030 2771 1162 2836 ulterius
1198 2769 1348 2858 progredi

179 2879 346 2962 possimus.
387 2877 586 2944 Immischius
610 2877 737 2960 quidem
757 2881 799 2963 (p.
819 2879 883 2942 246
900 2879 961 2962 sq.)
978 2885 1105 2962 praeter
1128 2883 1243 2962 poetas
1259 2876 1349 2960 quid·
1461 2919 1467 2931 ·

179 3005 274 3069 quam
298 2992 470 3050 tractatum
494 3005 563 3050 esse
587 2985 769 3070 praefracte
794 2990 902 3068 negat.
943 2985 1015 3064 Qua
1038 2986 1070 3048 in
1094 2986 1255 3051 sententia
1278 3004 1348 3070 pro·

180 3091 287 3158 banda
318 3093 431 3159 nititur
465 3092 568 3158 Photii
601 3093 673 3171 loco
697 3113 728 3176 p.
756 3093 862 3175 230st
901 3093 1106 3172 διαλαμβάνει
1137 3093 1172 3156 δὲ
1201 3094 1253 3156 καὶ
1276 3093 1348 3171 περὶ

178 3201 315 3279 κρίσεως
339 3201 516 3278 ποιήματος
541 3205 606 3265 κτλ.
632 3209 663 3264 et
687 3199 809 3265 scholio
832 3201 1029 3283 Gregoriano
1054 3201 1137 3279 φασὶ
1161 3200 1196 3263 δὲ
1219 3200 1270 3262 καὶ
1293 3199 1348 3264 ἰδι-

179 3314 243 3387 κῶς
260 3307 425 3384 ἐγκύκλιον
441 3309 499 3386 τὴν
518 3309 694 3389 ποιητικήν,
719 3309 791 3386 περὶ
807 3307 846 3386 ἦς
862 3309 912 3372 καὶ
929 3308 1079 3386 Πρόκλος
1103 3307 1122 3370 ὁ
1136 3306 1347 3384 Πλατωνικὸς

179 3417 215 3480 ἐν
238 3417 419 3500 μονοβίβλῳ
437 3415 643 3499 (μονοβιβλίῳ
660 3414 834 3494 Immisch.)
860 3416 931 3493 περὶ
955 3413 1072 3478 κύκλου
1096 3413 1347 3497 ἐπιγεγραμμένῃ

179 3524 385 3605 (ἐπιγραμένῃ
410 3521 492 3586 trad.
515 3522 626 3586 ἐπικοῡ
642 3521 771 3600 γράψας
789 3523 860 3602 Ιιιι.)
885 3522 954 3598 τὰς
978 3522 1054 3585 τὼν
1078 3526 1248 3598 ποιητῶν
1272 3521 1348 3585 διέ-

179 3637 276 3696 ξεισι
296 3629 437 3710 ἀρετὰς
453 3631 512 3694 καὶ
532 3630 575 3693 τὰ
595 3629 684 3695 ἴδια.
721 3628 842 3707 Quibus
859 3628 982 3694 duobus
998 3628 1077 3693 loeis
1093 3627 1191 3692 totius
1208 3627 1348 3693 chresto·

178 3737 319 3800 mathiae
332 3741 553 3819 argumentum
566 3736 744 3819 significari
762 3741 862 3820 putat.
891 3736 1071 3817 Utcumque
1087 3733 1241 3800 scholium
1254 3734 1348 3798 inter-

178 3842 369 3929 pretandum
386 3848 446 3925 est,
463 3849 576 3927 poetas
593 3849 715 3907 tanturn
732 3844 764 3906 in
783 3841 1032 3907 chrestomathia
1049 3843 1204 3906 tractatos
1221 3860 1291 3906 esse
1307 3861 1348 3906 ex

178 3971 217 4015 eo
242 3949 389 4015 concludi
412 3970 474 4014 non
499 3956 615 4034 potest.
652 3951 764 4032 Neque
791 3950 874 4016 ullus
896 3950 985 4014 locus
1008 3949 1041 4013 in
1058 3948 1165 4013 Photii
1186 3947 1348 4032 excerptis

179 4062 278 4139 extet,
312 4057 365 4122 ubi
401 4063 515 4140 poetas
547 4057 631 4122 solos
664 4057 796 4123 Procius
830 4063 986 4122 tractasse
1020 4057 1156 4123 dicatur.
1206 4057 1348 4121 Immoe

179 4165 340 4249 prooemio
373 4161 526 4247 generali,
560 4162 644 4246 quod
678 4165 891 4249 praemittitur
924 4186 955 4249 p.
980 4166 1055 4247 229,
1086 4171 1191 4229 utrum
1216 4163 1348 4228 Procius

179 4271 219 4337 de
243 4272 347 4356 poetis
379 4271 455 4336 solis
488 4292 528 4335 an
563 4271 659 4335 etiam
692 4269 732 4336 de
765 4291 880 4356 prosae
909 4271 1108 4337 artificiosae
1139 4270 1348 4355 scriptoribus

179 4379 323 4444 dicturus
346 4380 397 4461 sit,
434 4377 581 4444 concludi
608 4398 670 4444 non
694 4385 810 4462 potest.
859 4380 997 4444 Primum
1021 4381 1116 4463 enim,
1140 4386 1175 4444 ut
1198 4377 1347 4468 vidimus,

180 4484 308 4552 easdem
332 4486 466 4552 virtutes
490 4486 654 4569 utriusque
677 4487 824 4571 proprias
847 4506 916 4552 esse
941 4488 1069 4554 statuit:
1094 4489 1145 4552 καὶ
1169 4487 1204 4552 ἐν
1225 4487 1282 4567 μὲν
1302 4496 1347 4576 τῷ
