3118 5044
151 492 228 558 teles
245 498 278 556 et
296 491 364 557 eius
377 491 538 578 discipuli.
567 491 698 557 Afferre
714 492 820 566 liceat,
835 511 916 574 quae
930 489 969 555 de
983 491 1156 556 Aristotele
1169 489 1319 554 dicuntur

154 620 181 682 p.
193 601 246 680 27,
262 603 272 662 l
291 618 375 682 sqq.:
394 601 624 680 παραληπτέον
642 601 677 664 δὲ
695 601 745 666 καὶ
758 597 983 679 Ἀριστοτέλην
1001 598 1047 676 εἰς
1066 599 1195 677 μίμησιν
1211 601 1268 675 τῆς
1286 619 1320 662 τε

148 707 217 784 περὶ
234 707 292 784 τὴν
309 707 476 786 ἑρμηνείαν
500 708 685 784 δεινότητος
702 708 826 784 καὶτῆς
850 706 1043 786 σαφηνείας,
1067 707 1117 769 καί
1141 709 1198 769 τοῦ
1222 705 1317 784 ἡδέος

148 814 492 893 καὶ.πολυμαθοῦς·
516 818 632 878 τοῦτο
655 814 725 892 γὰρ
749 813 834 879 ἔστι
858 813 1024 892 μάλιστα
1048 812 1150 891 παρὰ
1173 816 1242 876 τοῦ
1259 811 1316 877 ἀν·

147 922 240 1000 δρὸς
256 920 398 985 τούτου
424 925 570 1000 λαβεῖν.
604 921 842 998 AQnintiliano
859 919 1121 986 commendantur
1133 920 1236 995 Plato,
1254 920 1317 984 Xe-

145 1027 274 1111 nophon
305 1035 337 1093 et
368 1028 481 1110 reliqui
509 1027 678 1110 Socratici,
702 1028 903 1110 Aristoteles,
929 1026 1179 1111 Theophrastus,
1205 1027 1316 1093 Stoici.

144 1133 266 1198 Rursus
283 1134 463 1202 Aristotelis
480 1133 643 1208 iudicium,
669 1134 755 1217 quod
772 1141 911 1216 notetur,
933 1133 1067 1218 dignum
1084 1141 1132 1198 est
1148 1134 1190 1216 X,
1211 1137 1239 1216 1,
1257 1135 1314 1200 83:

146 1239 253 1326 „Quid
263 1241 492 1306 Aristotelem?
510 1257 603 1324 qnam
616 1241 729 1306 dubito
741 1240 878 1306 scientia
890 1261 995 1305 rerum
1009 1262 1049 1306 an
1063 1241 1252 1326 scriptorum
1266 1261 1315 1308 co·

143 1348 198 1432 pia
215 1368 256 1411 an
273 1347 443 1430 eloquendi
459 1347 619 1414 suavitate
636 1369 677 1412 an
698 1348 915 1412 inventionum
937 1348 1083 1414 acumine
1100 1368 1139 1412 an
1157 1347 1314 1413 varietate

142 1475 275 1538 operum
300 1456 464 1520 clariorem
489 1452 628 1541 putem.“
676 1455 768 1539 Apud
792 1454 1026 1538 Hermogenem
1052 1462 1315 1526 commemoratos

141 1562 321 1627 invenimus
353 1563 536 1646 Platonem,
571 1562 829 1647 Xenophontem,
867 1562 1055 1628 Aeschinem
1093 1563 1312 1644 Socraticum3

141 1668 228 1752 apud
255 1670 389 1734 Dionem
411 1669 670 1755 chrysostomum
694 1669 878 1734 Socraticos
901 1670 1076 1750 universos,
1103 1689 1234 1752 qnorum
1251 1670 1313 1734 Xe·

140 1775 272 1860 nophon
295 1777 486 1842 nominatur.
533 1777 656 1855 Quibus
689 1777 868 1841 nominihus
899 1775 1085 1859 illustratur,
1121 1797 1216 1866 quarn
1249 1798 1312 1842 non

139 1881 325 1968 philosophi
350 1884 447 1949 etiam
471 1885 673 1966 antiquorum
697 1883 858 1949 sententia
887 1884 920 1948 in
944 1883 1076 1948 eandem
1102 1885 1215 1948 seriem
1241 1903 1311 1948 cum

138 1991 256 2073 poetis,
281 1993 471 2074 oratoribus,
498 1991 658 2058 historicis
682 1989 850 2073 quadrent.
896 1990 1110 2074 Philosophos
1133 1990 1232 2073 igitur
1256 2011 1309 2056 ca-

138 2116 258 2161 nonum
282 2098 470 2183 scriptorem
494 2119 514 2162 a
537 2098 651 2162 Proclo
681 2118 743 2162 non
773 2104 928 2166 tractatos
957 2098 1117 2162 invenisse
1140 2117 1198 2182 pro
1223 2105 1310 2163 certo

139 2203 256 2272 haheo.
303 2205 369 2270 Sed
393 2205 637 2270 decretoribus
666 2211 699 2269 ct
727 2204 887 2270 historicis
910 2205 1056 2270 Proclum
1086 2206 1190 2290 egisse
1214 2205 1309 2270 tertio

137 2318 328 2393 argumento
351 2311 492 2377 fulcitur.

248 2419 332 2496 Quid
357 2418 625 2484 chrestomathiac
650 2425 762 2502 quarto
786 2419 867 2484 libro
891 2425 1061 2484 tractatum
1086 2419 1147 2483 fuit
1162 2420 1223 2484 nisi
1239 2439 1308 2483 ora·

138 2530 226 2591 tores
250 2534 282 2592 et
307 2526 472 2592 historici?
498 2528 641 2592 Tertium
658 2535 690 2593 et
711 2534 857 2610 quartum
881 2528 994 2592 librum
1017 2527 1107 2610 poesi
1131 2526 1310 2591 dramatico

137 2635 209 2700 sola
243 2629 390 2720 expletos
419 2635 518 2700 fuisse
548 2634 741 2719 persuadere
765 2634 843 2699 milri
867 2654 928 2698 non
954 2653 1093 2718 possum.
1140 2633 1206 2699 Sed
1229 2634 1309 2698 exti-

140 2750 287 2807 teruntne
323 2742 449 2806 omnino
484 2741 613 2825 genuini
648 2739 830 2832 compendii
864 2747 1015 2823 quattuor
1042 2740 1139 2805 libri?
1188 2741 1309 2806 Rursus

140 2871 212 2914 cum
238 2849 419 2915 Immischio
453 2848 672 2914 disserendum
705 2847 784 2914 mihi
813 2856 871 2931 est,
905 2849 958 2930 qui
983 2848 1104 2914 Saldae
1129 2847 1308 2915 testimonio

139 2957 423 3023 chrestomathiam
456 2964 522 3022 tres
555 2963 677 3020 tantum
711 2955 809 3021 libros
839 2955 1033 3021 continuisse
1056 2955 1154 3021 fidem
1181 2956 1309 3021 haheat.

141 3064 329 3131 Partitionis
354 3065 538 3129 testimonia
561 3070 689 3148 praesto
713 3063 805 3128 nobis
828 3071 901 3128 sunt
925 3063 1020 3129 haec:

249 3173 277 3235 1.
303 3171 388 3256 apud
413 3171 560 3236 Photium
585 3192 616 3255 p.
642 3170 718 3252 229,
740 3171 760 3234 ό
783 3190 872 3253 sqq.:
897 3169 1165 3248 Ἀνεγνώσθησαν
1193 3171 1228 3234 ἐκ
1250 3175 1308 3236 τοῦ

304 3278 564 3358 έπιγραφομένου
590 3278 711 3357 βιβλίου
732 3277 884 3356 Πρόκλου
908 3279 1146 3358 χρηστομαθίας
1171 3299 1309 3357 γραμμα·

304 3390 392 3464 τικῆς
416 3385 555 3460 έκλογαί.
608 3383 700 3448 Ἔστι
729 3386 765 3448 δέ
788 3386 826 3450 τό
857 3386 979 3465 βιβλίον
1002 3386 1047 3464 εἰς
1073 3367 1094 3450 δ
1118 3387 1310 3470 διῃρημένον

305 3493 425 3580 λόγους
433 3495 469 3572 ¹).

247 3605 277 3666 2.
300 3600 378 3665 ίδίό.
404 3622 435 3684 ρ.
460 3600 535 3682 250,
561 3600 601 3664 18
623 3620 669 3683 sq.
718 3599 755 3663 Οί
784 3602 841 3676 μέν
870 3601 928 3666 δύο
959 3601 1050 3677 λόγοι
1077 3605 1133 3679 τῆς
1157 3601 1308 3680 Πρόκλου

304 3716 519 3791 γραμματικῆς
543 3712 782 3794 χρηστομαθίας
806 3711 841 3774 ἐν
864 3708 1002 3786 τούτοις.

244 3818 276 3882 3.
301 3819 395 3884 οοόό.
425 3819 537 3884 Venet.
572 3827 603 3884 et
636 3818 793 3886 Escurial.
827 3838 858 3901 p.
887 3816 963 3897 230,
988 3815 1030 3879 24
1062 3815 1109 3879 W.
1156 3814 1308 3893 Πρόκλου

304 3927 542 4006 χρηστομαθίας
566 3933 632 3991 τῶν
655 3928 700 4006 εἰς
723 3907 744 3991 δ
767 3925 967 4006 διῃρημένων
991 3924 1028 3986 τὸ
1055 3925 1083 3987 ᾶ.

245 4033 275 4097 4.
302 4033 372 4099 οοό.
398 4035 510 4098 Venet.
535 4055 566 4124 ῃΙΙ
591 4035 666 4116 237,
683 4035 721 4099 5:
756 4033 908 4112 Πρόκλου
942 4031 1179 4111 χρηστομαθίας
1212 4049 1307 4109 γραμ-

303 4145 433 4221 ματικῆς
457 4144 495 4207 τὸ
518 4125 547 4222 β.

244 4290 254 4327 ¹
275 4292 453 4358 Ἀνεγνώσθη
474 4293 504 4346 ἐκ
523 4298 574 4346 τοί)
594 4294 822 4360 ἐπιγραφομένου
837 4290 941 4356 βιβλίου
952 4291 1084 4356 Πρόκλου
1103 4288 1310 4356 χρηστομαθίας

139 4385 341 4468 γραμματικῆς.
379 4382 458 4435 Ἔστι
486 4383 516 4436 δέ
544 4384 577 4435 τὸ
606 4381 709 4448 βιβλίον
733 4382 771 4446 είς
793 4382 932 4447 τέσσαρας
954 4380 1123 4447 διῃρημένον
1150 4379 1251 4442 λόγους
1273 4379 1307 4461 A.

137 4473 301 4538 ἀνεγνώσθη
322 4473 352 4526 ἐκ
370 4475 422 4538 τῆς
440 4471 494 4539 Πρ.
513 4488 555 4539 χρ.
574 4488 617 4538 γρ.
639 4470 758 4535 ἐκλογαί.
786 4470 821 4522 τὸ
841 4471 932 4537 παρόν
952 4468 1055 4536 βιβλίον
1074 4470 1218 4534 διαιρεῖται
1232 4467 1271 4533 εἰς
1284 4471 1309 4522 δ.
