3118 5044
617 314 792 372 ..47-

118 503 254 581 excepto
288 497 383 582 plane
414 498 483 563 iere
512 517 583 562 eum
613 497 669 579 eis,
705 518 788 581 quae
822 496 907 582 apud
932 498 1122 564 Abrensium
1155 493 1233 586 pb
1259 524 1288 568 ν.

119 606 226 670 7-15
256 604 344 670 edita
378 613 460 688 sunt,
496 605 651 686 eougruit.
699 603 824 672 Similia
856 606 1060 670 inveniuntur
1092 609 1177 693 apud
1213 611 1290 676 Dio-

116 712 242 777 medem
266 734 297 797 p.
319 713 373 795 56,
393 715 456 777 112
472 732 542 795 sqq.
568 712 697 792 (Kaibol
724 712 759 777 G.
786 712 841 777 Gr.
869 713 946 793 Fe).
995 715 1133 780 Tnetzae
1158 724 1191 782 et
1213 719 1289 784 Dio

116 818 220 884 medis
243 820 342 885 verba
367 819 566 885 exscribam:
1186 869 1188 873 -

300 980 421 1047 Aueed.
447 981 513 1047 Est.
928 981 1075 1049 Diomed.

115 1087 166 1153 ὅτι
189 1094 255 1152 τῶν
278 1089 318 1151 τὰ
343 1089 512 1167 βουκολικὰ
536 1103 674 1166 σαγγρα·

114 1189 251 1273 ψάντων
283 1194 348 1259 ἴδια
380 1198 418 1260 τὸ
446 1196 570 1273 Δωρίδι
603 1199 677 1274 χρῆ-

115 1307 191 1366 σθαι
208 1301 372 1385 διαλέκτῳ,
397 1303 432 1366 τὸ
449 1306 610 1381 μιμεῖσθαι
630 1301 675 1380 εἰς

115 1407 216 1488 ἄκρον
239 1406 398 1487 ἀγροίκων
415 1408 539 1488 ὁμιλίας
556 1410 606 1472 καί
623 1429 674 1472 νο-

117 1517 214 1593 μέων,
239 1515 414 1594 χαριέντως
439 1515 538 1593 αίιτὰς
561 1515 675 1595 ἐκφρά-

116 1628 181 1688 ζων
207 1670 214 1685 .
240 1620 339 1700 ἄρτον
355 1643 389 1686 τε
410 1623 581 1701 ἐξήρτηντο
602 1642 675 1701 μορ-

116 1730 184 1808 φὰς
197 1729 316 1807 θηρίων
329 1729 365 1792 έν
379 1729 482 1813 ἑαυτῷ
496 1729 613 1808 ἔχοντα
625 1730 676 1792 καί
733 1728 860 1794 babitus
885 1737 991 1795 autem
1016 1729 1108 1797 buius
1133 1730 1219 1796 modi
1243 1732 1289 1796 vi-

83 1861 85 1866 ·
115 1839 222 1914 πήραν
246 1838 469 1915 πανσπερμίας
494 1835 675 1918 ἀνάπλεων,
731 1834 885 1900 debatur:
926 1844 994 1902 erat
1029 1840 1121 1921 panis
1155 1860 1291 1922 magnus

116 1944 167 2007 καὶ
192 1941 283 2006 οίνον
307 1943 342 2007 ἐν
368 1937 475 2027 αίγείιμ
500 1942 590 2028 ἀσκῷ
620 1945 675 2023 φέ-
731 1943 869 2007 omnium
894 1943 1031 2008 ferarum
1049 1945 1190 2028 imagine
1206 1967 1290 2011 eom-

117 2069 230 2126 ροντες
266 2052 414 2128 σπονδὴν
453 2050 567 2129 ἔνεμον
606 2055 674 2128 τοῖς
731 2050 836 2134 pletas
849 2057 881 2114 et
893 2056 964 2115 uter
976 2070 1046 2114 oum
1061 2035 1135 2116 vino
1154 2060 1186 2116 et
1203 2053 1289 2119 follis

117 2157 292 2220 ὑπαντῶσι.
338 2157 505 2236 στέφανόν
528 2179 562 2222 τε
591 2178 675 2236 περι·
732 2177 802 2220 eum
822 2157 961 2222 onmium
977 2158 1172 2240 leguminum
1194 2179 1289 2243 gene-

115 2264 237 2328 έκειντο
253 2265 304 2326 καὶ
316 2265 433 2343 κέρατα
448 2264 581 2344 ἐλάφων
597 2285 674 2342 προ·
731 2284 780 2346 re3
798 2266 901 2329 inerat
915 2273 946 2329 et
960 2285 1077 2330 eorona
1089 2266 1121 2329 in
1138 2268 1245 2351 eapite
1258 2273 1290 2332 et

115 2372 218 2436 έκειτο
247 2371 368 2449 αὐτοῖς.
402 2371 480 2450 μετὰ
509 2371 617 2450 χεῖράς
642 2392 675 2435 τε
730 2372 763 2435 in
787 2390 881 2435 manu
906 2370 1023 2455 pedum
1048 2371 1218 2437 elevatum.
1243 2381 1290 2438 at·

115 2477 205 2557 είχον
223 2479 422 2557 λαγωβόλον,
447 2478 518 2542 bet
542 2479 675 2555 νικήσας
732 2498 792 2560 que
809 2479 855 2544 ita
871 2481 1027 2544 victorum
1050 2479 1188 2574 omnium
1205 2479 1290 2547 fores

114 2585 275 2664 ἐλάμβανε
307 2589 364 2648 τοῦ
397 2586 588 2664 ἡττηθέντος
617 2585 676 2649 τὸν
731 2584 902 2650 multitudo
927 2587 1126 2668 circumibat,
1162 2607 1290 2652 earmen

114 2691 225 2771 ἄρτον.
262 2689 408 2771 κάκεῖνος
444 2694 501 2771 μὲν
534 2692 585 2756 ἐπὶ
617 2695 675 2769 τῆς
702 2758 704 2777 ,
731 2692 763 2756 in
788 2693 955 2757 victoriam
978 2713 1072 2775 quam
1102 2691 1213 2777 adepti
1241 2694 1289 2759 fu·

113 2804 181 2862 τῶν
192 2800 423 2878 Συρακουσίων
436 2798 526 2878 ἔμενε
539 2801 675 2876 πόλεως,
702 2788 704 2857 ί
732 2807 822 2864 erant
848 2801 1006 2864 cauebant
1031 2805 1063 2865 et
1086 2799 1126 2864 de
1151 2820 1189 2865 eo
1212 2801 1290 2866 folle

115 2905 147 2968 οἱ
170 2908 205 2969 δὲ
230 2905 428 2984 νενικημένοι
452 2906 570 2984 εἰςτὰς
592 2926 675 2984 περι·
731 2906 841 2970 ίίιιιίιια
859 2906 1008 2990 frugibus
1026 2908 1288 2991 spargebant...

115 3012 239 3090 οικίδας
285 3013 429 3092 ἐχώρουν
437 3062 444 3093 ,
492 3013 675 3091 ἀγείροντες
731 3032 922 3095 quamquam
954 3021 1002 3078 est
1027 3020 1059 3078 et
1083 3015 1147 3078 alia
1170 3016 1289 3099 opinio,

117 3118 246 3197 ἑαυτοῖς
270 3120 327 3197 τὰς
357 3119 492 3200 τροφάς.
520 3120 675 3199 παρείχόν
732 3120 849 3206 eireum
873 3139 975 3204 pagos
994 3127 1026 3185 et
1043 3120 1163 3206 oppida
1178 3122 1290 3187 solitos

116 3247 151 3290 τε
183 3225 267 3290 ἄλλα
298 3247 332 3292 τε
366 3231 496 3304 παιδιᾶς
524 3227 596 3293 ἄξια
625 3229 675 3291 καί
730 3227 830 3292 fuisse
842 3235 990 3311 pastores
1003 3227 1180 3312 eomposito
1194 3235 1287 3293 eante

117 3334 155 3411 δὴ
173 3334 224 3396 καὶ
241 3333 314 3397 τόδε
336 3335 551 3411 προσέλεγον·
576 3334 675 3399 Δέξαι
730 3335 855 3419 precari
873 3353 1024 3420 pecorum
1040 3354 1079 3398 ao
1092 3334 1219 3416 frugum
1236 3334 1289 3399 bo-

116 3440 176 3504 τὰν
204 3439 328 3516 ἀγαθὰν
361 3440 461 3520 τύχαν
494 3441 592 3508 Δέξαι
616 3440 676 3505 τὰν
730 3442 912 3522 minumque
947 3448 1152 3525 proventum,
1191 3447 1289 3524 atque

118 3547 248 3629 ὑγίειαν,
272 3547 330 3612 Ἃν
351 3547 492 3626 φέρομεν
509 3549 595 3626 παρὰ
617 3553 675 3628 τῆς
730 3547 806 3612 inde
844 3548 875 3611 in
915 3547 998 3612 buno
1037 3546 1122 3612 diem
1161 3568 1289 3614 manere

117 3658 203 3736 θεοῦ,
226 3653 285 3719 Ἂν
309 3655 486 3718 ἐκαλέσατο
509 3658 596 3733 τήνα.
730 3675 844 3721 nomen
869 3660 900 3719 et
920 3656 1015 3719 ritum
1041 3654 1265 3752 bueolieorum.

224 3815 422 3898 Quamquam
459 3815 541 3880 duae
574 3815 648 3882 illae
677 3817 876 3882 narrationes
904 3836 967 3880 non
991 3816 1086 3900 plane
1110 3821 1288 3898 congruunt

118 3921 217 4007 (apud
235 3922 423 3989 Diomedem
448 3922 531 3986 duae
554 3924 718 3989 versiones
742 3929 862 4005 extant,
888 3941 1020 4004 quarum
1040 3941 1080 3986 ne
1098 3922 1199 3986 altera
1223 3923 1288 4005 qui-

119 4029 190 4094 dom
207 4028 375 4094 Aneedoto
391 4029 519 4094 Estensi
539 4029 634 4114 plane
655 4028 852 4113 respondet),
877 4034 983 4092 tamen
1009 4028 1085 4110 quein
1109 4048 1149 4092 ex
1175 4027 1287 4093 eodem

118 4137 206 4200 fonte
229 4136 382 4201 fluxerint
405 4157 468 4200 non
492 4136 624 4200 dubium
640 4156 710 4202 esse
735 4156 861 4203 oenseo.
894 4135 999 4200 Etiam
1019 4136 1181 4221 Kayserus
1198 4136 1284 4222 apud

118 4242 307 4308 Diomedem
340 4244 477 4327 vestigia
508 4243 646 4308 Tzetzae
678 4244 871 4309 narrationis
905 4242 1041 4308 inveniri
1075 4242 1154 4307 dieit
1177 4264 1208 4328 p.
1235 4243 1287 4308 76.

119 4349 274 4428 Quoniam
300 4348 487 4414 Diomedem
514 4357 546 4414 et
569 4349 717 4415 Proolum
752 4349 864 4416 eodem
895 4349 935 4415 de
964 4357 1032 4414 arte
1057 4351 1185 4434 poetioa
1207 4350 1287 4415 libro

119 4477 192 4522 usos
215 4476 284 4523 esse
308 4456 475 4522 Kaibelius
498 4457 647 4541 probavit
670 4457 726 4531 (ef.
744 4457 835 4542 proll.
852 4479 883 4542 p.
897 4457 953 4536 65)
979 4465 1011 4522 et
1028 4457 1192 4542 Kayserus
1215 4477 1288 4521 eon-
