3118 5044
745 335 920 391 ..20..

247 516 305 582 τοῦ
335 516 427 596 Διός.
466 519 635 598 εὑρεθῆναι
662 518 720 596 μὲν
746 519 805 581 τὸν
831 514 834 587 Ι
860 517 1020 593 γενέσθαι,
1044 515 1128 580 ἅπαξ
1151 516 1208 594 μὲν
1230 515 1266 579 ἐκ
1287 517 1345 593 τῆς
1361 515 1418 579 Σε-

248 625 444 705 διθύραμβον
481 626 517 689 ἐν
557 626 699 708 Κορίνθῳ
742 626 805 688 ὑπὸ
831 626 834 690 l
861 625 968 702 μέλης,
991 623 1143 701 δεύτερον
1166 625 1202 686 δέ
1224 623 1259 687 ἐκ
1280 626 1339 686 τοῦ
1364 643 1418 701 μη-

247 730 391 810 Ἀρίονός
407 747 498 811 φασι.
529 736 595 796 τῶν
611 734 646 795 δὲ
661 734 806 808 ποιητῶν
861 734 929 808 ροῦ.
978 732 1154 809 Εὑρεθῆναι
1182 731 1218 794 δὲ
1246 731 1304 794 τὸν
1334 729 1418 794 διθύ-

143 839 147 846 ’
246 844 292 923 τῷ
324 841 382 916 μὲν
410 839 528 922 πρώτῳ
557 843 634 918 βοῦς
664 838 806 902 ἔπαθλον
862 843 984 918 ραμβον
1011 839 1176 918 Πίνδαρος
1207 838 1243 902 ἐν
1275 837 1417 920 Κορίνθῳ

246 945 297 1024 ἦν,
332 951 378 1030 τῷ
405 948 441 1010 δὲ
464 947 604 1030 δευτέρῳ
627 944 805 1026 ἀμφορειίς,
861 946 960 1022 λέγει·
996 946 1054 1010 τὸν
1086 947 1123 1009 δὲ
1150 944 1344 1034 ἀρξάμενον,
1360 947 1418 1020 τῆς

248 1059 294 1136 τῷ
318 1055 353 1117 δὲ
376 1054 471 1137 τρίτῳ
494 1053 623 1136 τράγος,
654 1053 693 1116 ὃν
714 1053 806 1131 τρυγὶ
860 1055 947 1137 ᾠδῆς
965 1053 1189 1130 Ἀριστοτέλης
1207 1052 1336 1130 Ἀρίονά
1358 1072 1419 1131 φη-

246 1160 455 1239 κεχριομένον
478 1159 615 1239 ἀπῆγον.
860 1174 915 1224 σιν
939 1157 1029 1241 εἶναι,
1065 1159 1103 1237 ὃς
1128 1163 1258 1237 πρῶτος
1281 1161 1340 1224 τὸν
1363 1159 1418 1223 ιαἰ·

859 1270 948 1331 κλιον
972 1267 1071 1345 ἤγαγε
1094 1268 1204 1346 χορόν.

355 1483 386 1546 6.
426 1480 588 1546 Soholium
618 1480 711 1546 Pind.
737 1481 865 1566 Olymp.
895 1481 977 1546 XIII
1002 1481 1055 1563 26,
1092 1500 1154 1563 quo
1187 1481 1259 1565 ipso
1292 1502 1419 1565 quoque

248 1587 290 1653 de
314 1587 519 1672 dithyrambo
542 1589 658 1672 agitur,
683 1587 780 1669 addo,
805 1608 877 1652 oum
901 1587 1047 1653 Proelnm
1072 1588 1193 1672 sapiat:

353 1696 533 1775 (Βοηλάτην
556 1700 647 1760 καλεῖ
669 1697 727 1761 τὸν
752 1697 960 1776 διθύραμβον)
982 1697 1099 1774 ἢδιότι
1116 1701 1161 1780 τῷ
1176 1697 1419 1776 κατορθώσαντι

247 1803 347 1867 αὐτὸν
371 1806 449 1882 βοῦς
473 1803 599 1866 ἐδίδοτο
623 1802 734 1885 ἆθλον,
758 1805 777 1881 ἢ
802 1804 883 1868 διότι
906 1803 1059 1867 ἐλαύνετο
1081 1823 1117 1867 τε
1140 1805 1191 1867 καὶ
1214 1804 1363 1869 ἐτελεῖτο.
1400 1804 1419 1868 ὁ

248 1913 282 1974 δὲ
307 1910 500 1988 διθύραμβος
525 1911 622 1988 χορὸς
646 1910 686 1989 ἦν
709 1912 856 1989 κυκλικὸς
883 1912 967 1989 πρὸς
995 1912 1053 1974 τὸν
1076 1911 1255 1992 Διόνυσον,
1290 1911 1420 1987 ἐλέγετο

247 2019 283 2081 δὲ
307 2016 499 2096 διθύραμβος
522 2016 587 2082 ἀπὸ
610 2021 668 2081 τοῦ
681 2018 848 2082 Διονύσου
872 2021 930 2082 τοῦ
954 2018 989 2081 ἐκ
1012 2017 1072 2082 δύο
1095 2021 1203 2096 θυρῶν
1219 2018 1418 2100 ἐξελθόντος,

247 2124 283 2188 ἔκ
314 2144 348 2188 τε
373 2128 430 2201 τῆς
459 2126 607 2208 μητρῴας
640 2124 740 2188 αὐτοῦ
770 2126 913 2204 γαστρὸς
941 2126 992 2189 καὶ
1019 2128 1077 2188 τοθ
1108 2127 1210 2204 μηροῦ
1234 2127 1292 2188 τοθ
1316 2125 1418 2204 Διός·

247 2229 343 2310 εὗρον
367 2230 457 2295 δὲοὶ
482 2231 640 2310 Κορίνθιοι
663 2235 794 2310 πρῶτον
817 2235 933 2296 τοῦτον
957 2231 993 2296 ἐν
1017 2236 1086 2309 τοῖς
1110 2232 1351 2309 Διονυσιακοῖς.

354 2337 480 2403 Deinde
504 2340 697 2404 enumerabo
721 2346 830 2423 partes
854 2338 1045 2405 scholiorum
1069 2339 1101 2403 in
1119 2337 1266 2422 Dionysii
1282 2338 1420 2406 Thracis

248 2452 347 2510 artem
372 2446 572 2530 scriptorum,
597 2466 679 2528 quae
693 2447 860 2511 Kaibelius
883 2467 902 2511 a
925 2444 1173 2511 ehrestomathia
1190 2445 1346 2528 originem
1363 2446 1419 2511 du·

248 2572 320 2616 eere
344 2552 493 2636 probavit
516 2552 549 2616 in
573 2553 808 2637 prolegomenis
832 2555 904 2632 περὶ
926 2554 1105 2637 κωμῳδίας.
1153 2555 1259 2634 Atque
1282 2553 1418 2638 primum

247 2659 350 2749 Ionum
375 2659 519 2724 obtineat
542 2660 757 2743 fragmentum
781 2660 860 2725 illud
885 2661 1013 2745 longum
1037 2661 1069 2726 in
1093 2659 1224 2726 scholiis
1237 2659 1419 2726 Londineu·

248 2766 337 2830 sibus
360 2773 483 2848 extans,
509 2767 595 2848 quod
619 2766 661 2832 ad
685 2767 839 2852 prooemii
864 2775 896 2832 et
919 2768 1026 2852 poesis
1050 2766 1171 2851 lyricae
1194 2767 1300 2850 partis,
1319 2768 1420 2832 seien-

247 2874 324 2936 tiam
349 2879 488 2936 nostram
513 2874 777 2958 amplificandam
801 2875 932 2939 multum
950 2874 1059 2940 affert:
1084 2894 1115 2958 p.
1128 2873 1205 2956 449,
1218 2874 1360 2950 4-452,
1378 2875 1419 2938 14

248 2979 335 3062 Hilg.
371 2978 413 3044 oi.
428 2977 609 3045 KaibeIIum
631 3002 663 3066 p.
681 2982 805 3066 18sqq.
853 2981 943 3060 Quae
966 2980 1041 3046 inde
1065 3001 1085 3046 a
1108 3001 1140 3065 p.
1157 2981 1235 3056 450,
1254 2982 1295 3044 to
1319 3000 1419 3064 usque

247 3085 288 3152 ad
314 3107 345 3171 p.
362 3086 475 3168 loqu
499 3093 621 3170 extant,
646 3089 813 3156 Kaibelius
837 3091 997 3174 respicere
1021 3087 1160 3154 nondum
1184 3093 1322 3170 poterat,
1347 3108 1417 3154 eum

248 3192 360 3258 codiee
384 3193 562 3258 Matritensi
585 3194 641 3280 (E)
665 3202 788 3260 tanturn
813 3198 1038 3281 praebeantur,
1063 3214 1156 3278 quem
1181 3194 1326 3260 oodioem
1352 3196 1418 3260 Hil-

247 3300 379 3384 gardius
402 3301 523 3385 primus
547 3301 772 3368 excutiendum
796 3305 930 3369 euravit.
970 3302 1073 3381 Quam
1095 3308 1220 3387 partem
1236 3323 1299 3368 non
1315 3304 1419 3369 minus

247 3428 265 3473 e
290 3407 394 3473 Proeli
424 3407 613 3492 compendIo
644 3408 778 3475 fluxisse
807 3410 903 3475 fanile
933 3411 1097 3494 probatur,
1134 3412 1283 3492 quoniam
1312 3409 1418 3475 Photii

247 3522 432 3598 excerptum
453 3514 548 3600 nobis
571 3522 700 3599 praesto
724 3523 783 3600 est,
813 3537 874 3599 quo
898 3517 1014 3581 ommia
1037 3517 1092 3582 illa
1116 3516 1267 3581 lemmata
1290 3536 1353 3582 uno
1377 3515 1417 3581 de

248 3621 423 3686 embaterio
448 3628 584 3707 exeepto
608 3621 821 3687 inveniuntur.
865 3622 914 3688 Cf.
941 3623 1155 3688 Immisohinm
1179 3644 1210 3708 p.
1228 3624 1304 3688 248.

354 3728 437 3806 Quin
459 3728 592 3794 Procius
616 3729 711 3794 etiam
736 3729 777 3794 de
801 3729 1089 3813 significationibus·
1106 3731 1194 3796 voeis
1209 3730 1337 3814 γράμμα
1361 3731 1417 3811 (el.

248 3856 279 3918 p.
292 3836 368 3917 447,
381 3833 420 3900 31
436 3856 507 3919 sqq.
524 3836 627 3920 Hilg.)
652 3844 684 3901 et
703 3835 744 3902 de
763 3838 965 3920 grammatici
982 3838 1101 3904 oliieiIs
1126 3839 1169 3922 (p.
1181 3838 1257 3922 448,
1272 3839 1328 3919 32)
1346 3859 1417 3922 ege-

247 3943 299 4023 rit,
323 3962 385 4006 non
409 3951 458 4008 est
482 3944 628 4025 dubium3
654 3944 694 4008 ut.
721 3945 902 4010 Kaibelium
927 3966 958 4030 p.
977 3947 1017 4010 27
1030 3965 1078 4028 sq.

353 4050 500 4116 Proelum
535 4053 606 4129 περὶ
641 4052 778 4131 κρίσεως
813 4053 917 4135 egisse
953 4060 1088 4139 apparet
1122 4072 1140 4118 e
1170 4052 1276 4124 Photii
1312 4055 1419 4121 verbis

246 4177 278 4240 p.
296 4157 371 4238 230,
391 4160 467 4238 leq.
491 4157 559 4222 W.:
588 4159 808 4239 Διαλαμβάνει
837 4161 872 4223 δὲ
898 4163 948 4223 καί
971 4162 1044 4238 περὶ
1067 4161 1203 4240 κρίσεως
1227 4155 1417 4244 ποιήματος,

247 4263 282 4326 ἐν
306 4263 332 4348 ᾧ
355 4266 577 4342 παραδίδωσιν
600 4266 701 4343 ἤθους
725 4267 776 4330 καί
800 4266 924 4344 πάθους
949 4270 1120 4345 διαφοράν.
1168 4267 1283 4345 Qualia
1300 4269 1369 4332 fere
1384 4269 1417 4333 in

247 4368 496 4436 chrestomathia
531 4373 705 4461 extiterint,
745 4391 763 4436 e
797 4372 927 4437 seholiis
962 4371 1126 4438 discimus
1149 4376 1204 4454 (el.
1233 4375 1416 4441 Kaibelium

247 4498 277 4560 p.
299 4477 373 4557 30):
