3118 5044
759 321 934 376 ..54-

222 503 319 564 ιολον
343 501 549 584 συνήρτηται,
585 501 660 565 δ’θεν
688 501 733 579 ὡς
758 502 819 566 έπί-
846 500 849 606 l
875 500 1018 582 ἀνθηρὸν
1034 504 1071 566 τὸ
1088 503 1188 581 μέσον
1205 503 1338 586 ἀμφοῖν,
1363 505 1467 570 οῖονιο

260 627 326 672 παν
352 612 422 686 τοῖς
451 612 579 688 γοεροῖς
607 606 725 688 άριστά
749 629 819 686 πως
877 607 915 691 <r
929 608 1016 692 518>
1041 607 1103 688 <ἀις
1128 615 1155 674 δ’
1173 609 1228 675 δ’τε
1239 611 1431 690 Πανδαρέου

260 715 466 793 ἐφαρμόττει·
500 715 538 779 τὸ
570 717 606 779 δὲ
634 717 736 794 μέσον
768 717 820 779 καὶ
875 714 996 794 κούρη.
1042 716 1185 796 ἀνθηρὸν
1224 720 1259 781 δὲ
1297 719 1431 802 λέγεται,

259 821 403 901 τοῦνομα
432 823 490 899 μὲν
519 826 613 899 δηλοῖ
641 823 690 887 ὅτι
719 824 819 901 μέσον
874 822 924 887 ὅτι
940 822 1068 902 ἁρμόζει
1084 823 1222 903 μάλιστα
1236 825 1319 904 πρὸς
1336 825 1433 902 ἀπαγ-

260 929 349 994 έστῖν
365 928 498 1009 ἀμφοῖν.
528 928 683 1008 Ἀνθηρὸν
700 931 736 993 δέ
751 930 818 993 κατ’
874 931 984 1006 γελίαν
1017 932 1184 1010 λειμώνων
1212 933 1263 997 καῖ
1297 932 1432 998 ἀνθέων.

224 1037 344 1100 ιιίδίαν
374 1037 434 1102 οὐκ
460 1035 529 1102 ἔστι
548 1037 703 1115 πλάσμα,
737 1035 820 1100 ἀλλὰ
910 1107 971 1162 Var
993 1109 1052 1163 leet
1076 1125 1095 1162 v
1118 1109 1134 1162 3
1154 1109 1433 1176 trapptvoanenor

261 1144 492 1222 συνεκφέρεται
527 1146 577 1208 καλ
613 1145 819 1223 συμμέμικται
875 1197 959 1250 relat
980 1197 1065 1252 acad·
1085 1197 1158 1252 ΒΗ,
1180 1197 1249 1252 ,8,,2
1268 1216 1296 1268 p.
1309 1199 1362 1253 60,
1382 1200 1432 1252 ad-

260 1254 329 1328 τοῖς
353 1250 547 1330 εἰρημένοις·
572 1250 702 1330 ἁρμόζει
718 1253 753 1315 δὲ
769 1272 819 1315 το-
875 1297 934 1339 ,0,
954 1286 971 1339 3
994 1288 1164 1354 orqpquevov
1183 1287 1259 1342 trad.
1284 1287 1295 1354 p
1321 1289 1432 1357 ΗΜ,

260 1357 457 1436 πογραφίαις
481 1361 532 1423 καὶ
552 1359 717 1437 λειμώνων
733 1359 752 1436 ἢ
769 1357 821 1422 ἀλ·
874 1381 915 1443 τῷ
935 1377 1007 1428 κατὰ
1026 1377 1113 1444 φύσιν
1132 1377 1218 1430 uncis
1233 1377 1354 1431 inclusit
1365 1377 1434 1430 Kai-

260 1469 331 1529 σῶν
354 1465 552 1543 έκφράσεσιν
575 1470 641 1530 κτλ.
875 1465 923 1520 bel
944 1466 1028 1536 proll.
1047 1467 1131 1537 12¹⁸·

260 1573 419 1582 ——-.--—

296 1643 365 1697 Var.
381 1625 446 1697 lect.
462 1643 518 1697 v.l
534 1643 671 1712 ἐμφαῖνον
682 1643 719 1710 Μ,
738 1649 819 1697 recte

262 1733 362 1803 posuit
390 1731 498 1786 Kaibel
523 1732 606 1800 proll.
635 1749 662 1802 p.
682 1733 728 1799 183
751 1733 819 1786 επι-

260 1827 363 1888 φαῖνον
381 1820 416 1875 Α.

368 1990 535 2055 Kaibelius
564 1989 615 2056 his
644 1988 685 2054 de
715 1989 795 2055 locis
823 1991 890 2073 egit
921 1991 953 2054 in
982 1990 1218 2075 prolegomenis
1244 2012 1275 2075 p.
1295 1989 1335 2053 18
1348 2010 1434 2072 sqq.;

263 2096 463 2163 lmmisohius
491 2097 512 2162 l.
536 2096 558 2162 l.
587 2096 698 2181 phot
728 2096 853 2183 adnot.;
889 2095 1054 2182 Kayserus
1082 2096 1103 2160 l.
1128 2096 1148 2160 l.
1173 2097 1346 2181 p.81sqq.
1394 2097 1435 2161 Et
1544 2149 1545 2172 ,

264 2205 431 2269 Kaibelius
447 2213 479 2268 et
492 2202 694 2270 Immisclrius
710 2206 740 2268 in
759 2203 949 2271 definitione
972 2205 1100 2288 generis
1123 2205 1236 2282 ἰσχνοῦ
1253 2202 1434 2270 oflendunt.

263 2311 321 2376 llle
345 2333 365 2376 a
390 2309 505 2376 Photio
529 2309 752 2376 definitionem
777 2313 905 2394 generis
934 2311 1031 2377 medii
1057 2312 1108 2377 vel
1134 2310 1242 2376 floridi
1266 2310 1434 2393 (ἀνθηρόν)

261 2418 293 2483 ἰιι
317 2438 419 2502 genus
443 2418 556 2497 ἰσχνόν
581 2437 687 2484 errore
701 2419 898 2484 ‘translatam
930 2438 999 2485 ease
1023 2426 1143 2485 censet.
1185 2418 1244 2482 Vel
1269 2418 1435 2502 particulis

261 2526 376 2605 μέν-
395 2526 430 2590 δέ
459 2524 583 2607 aliquid
614 2524 711 2594 medii
743 2525 917 2610 designari.
966 2525 1201 2592 Conlercndum
1233 2523 1435 2590 commendat

263 2633 367 2698 locum
392 2632 580 2710 Quintiliani
605 2632 660 2698 lib.
685 2632 751 2697 XII
778 2634 829 2713 10,
853 2634 912 2699 60:
951 2631 1095 2718 „medius
1125 2632 1234 2703 hicet
1259 2632 1435 2698 translatio

262 2739 356 2808 nibus
380 2739 520 2804 crebrior
544 2749 577 2804 et
600 2739 715 2823 liguris
732 2740 793 2804 erit
817 2739 994 2823 iucundior,
1019 2739 1256 2823 egressionibus
1272 2759 1435 2823 amoenus,

262 2847 492 2931 compositione
520 2830 626 2930 aptus,
660 2849 826 2914 sententiis
856 2845 968 2929 dulcis,
1003 2846 1105 2911 lenior
1133 2854 1240 2910 tamen
1264 2853 1299 2910 ut
1322 2847 1434 2926 amnis,

261 2952 388 3024 lucidus
427 2951 555 3034 quidem
593 2953 652 3018 sed
688 2953 864 3019 virentibus
899 2955 1056 3036 utrimque
1090 2954 1169 3038 ripis
1204 2952 1434 3018 inumbratus“.

263 3058 403 3126 Kaibelii
434 3060 575 3145 opinioni
603 3059 715 3124 lavent
740 3061 837 3125 verba
867 3061 943 3126 ὅθεν
971 3060 1017 3138 ug
1041 3061 1159 3125 ἐπίπαν
1182 3064 1251 3138 τοῖς
1275 3065 1436 3139 γοεροῖς

262 3166 377 3246 άριστά
394 3165 464 3245 πως
481 3166 684 3250 έφαρμόττει,
707 3168 831 3250 quaesi
849 3176 936 3233 recte
954 3166 1074 3233 tradita
1090 3175 1173 3248 sunt,
1197 3169 1231 3231 in
1248 3167 1436 3233 charactera

262 3275 376 3354 ἰσχνόν
393 3295 453 3338 non
472 3274 551 3338 satis
568 3273 726 3355 quadrare
744 3274 901 3354 videntur.
942 3274 1079 3342 Accedit
1096 3273 1182 3357 quod
1206 3273 1238 3338 in
1254 3272 1385 3340 scholiis
1403 3282 1437 3339 ut

263 3381 359 3446 medii
374 3381 422 3445 vel
435 3379 544 3445 floridi
558 3382 685 3464 generis
699 3382 878 3466 exemplum
892 3381 1059 3466 Odysseae
1072 3383 1161 3446 locus
1173 3381 1355 3466 praebetur,
1374 3401 1436 3464 quo

262 3487 422 3553 Pandarei
433 3488 522 3552 liliae
533 3486 682 3569 querelae
694 3484 924 3550 describuntur.
940 3483 1226 3566 NequeKaibelius
1238 3482 1364 3547 dubitat
1376 3482 1436 3548 hoc

264 3595 443 3680 exemplum
459 3593 500 3659 ad
518 3595 573 3659 illa
586 3593 695 3674 verba,
714 3593 828 3679 quibus
844 3611 945 3674 genus
961 3591 1076 3671 ἰσχνόν
1093 3591 1279 3672 illustratur,
1297 3589 1435 3655 referre:

352 3702 450 3767 1518
476 3702 521 3780 ὡς
547 3699 575 3766 δ’
601 3701 655 3765 ὅτε
677 3699 869 3777 Πανδαρέου
895 3698 993 3778 κούρη
1018 3699 1156 3778 χλωρηὶς
1181 3698 1292 3775 ἀηδὼν

477 3811 577 3874 καλὸν
602 3807 746 3891 ἀείδῃσιν
770 3806 865 3885 ἔαρος
890 3806 968 3871 νέον
990 3805 1184 3884 ἱσταμένοιο,

477 3903 638 3994 δενδρέων
662 3915 698 3978 έν
720 3911 888 3979 πετάλοισι
912 3913 1105 3992 καθεζομένη
1129 3917 1312 3977 πυκινοῖσιν
1335 3912 1403 3979 κτλ.

263 4021 329 4089 Sed
359 4022 422 4088 hoc
448 4023 481 4087 in
509 4022 655 4106 exemplo
684 4041 746 4085 uon
776 4019 817 4085 de
846 4020 985 4104 querela,
1021 4019 1079 4085 sed
1103 4019 1143 4083 de
1168 4019 1329 4104 ecphrasi,
1352 4039 1437 4102 quae

264 4129 395 4212 dicitur,
426 4130 541 4214 agitur.
588 4127 790 4194 Immischius
819 4137 926 4194 autem
952 4126 1099 4192 Photium
1124 4146 1247 4193 errasse
1276 4147 1338 4191 non
1364 4147 1437 4192 con-

265 4237 351 4303 eedit
375 4245 545 4322 propterea
569 4237 753 4321 praecipue,
779 4234 865 4316 quod
888 4233 1081 4299 scholiastae
1103 4234 1210 4299 verbis
1233 4233 1377 4313 ἀνθηρὸν
1400 4233 1436 4298 τὸ

265 4348 367 4424 μέσον
389 4343 513 4424 ἀμφοῖν
543 4342 641 4408 iidem
670 4363 732 4406 uon
765 4342 871 4422 habet,
907 4360 970 4423 qua
993 4340 1025 4405 in
1049 4361 1084 4406 re
1108 4339 1148 4405 ad
1174 4340 1281 4405 Photii
1306 4347 1437 4406 revocat

266 4452 497 4518 testimonium:
521 4450 676 4529 Ἀνθηρὸν
701 4435 743 4514 δέ
760 4449 827 4514 κατ’
853 4449 935 4514 ἰδίαν
952 4447 1011 4514 οὐκ
1030 4447 1099 4514 ἔστι
1122 4447 1264 4528 πλάσμα.
1303 4448 1436 4514 Generis
1540 4479 1541 4530 l
