3118 5044
257 1344 285 1406 1.
321 1342 385 1406 Tot
414 1342 615 1424 antiquorum
639 1341 767 1426 scriptis
791 1338 832 1404 ad
858 1339 1022 1406 historiam
1045 1339 1234 1406 litterariam
1250 1358 1319 1423 per·

144 1449 319 1514 liuentibus
342 1449 468 1513 amissis
492 1449 598 1513 Procli
623 1445 784 1512 Diadochi
809 1444 1058 1512 chrestomathia
1081 1445 1319 1530 grammatica¹

143 1555 299 1620 scientiae
315 1560 444 1620 nostrae
465 1553 716 1638 amplificandae
740 1553 871 1618 multum
898 1553 1006 1618 affert.
1040 1552 1150 1635 Magni
1166 1549 1318 1616 momenti

145 1661 368 1746 compendium
391 1659 469 1725 illud
493 1661 593 1744 fuisse
617 1661 773 1726 scientiae
791 1661 1023 1743 grammaticae
1047 1659 1234 1744 Byzantinis
1249 1663 1319 1723 'tra-

145 1766 271 1833 dendae
292 1768 355 1832 iam
375 1766 519 1832 nonnulli
536 1774 570 1831 ut
586 1767 741 1851 imprimis
753 1766 908 1848 Preller2,
933 1765 1016 1832 Jahn
1030 1768 1051 1848 ³,
1077 1764 1236 1830 Scherer4
1252 1765 1319 1850 opi-

144 1875 212 1941 nati
229 1873 468 1959 praedixerunt,
493 1893 586 1938 nemo
603 1880 711 1938 tamen
727 1871 771 1955 id,
797 1871 881 1956 quod
905 1893 1000 1938 manu
1024 1873 1097 1957 capi
1120 1891 1214 1958 posse
1230 1870 1320 1938 vidc-

144 1983 250 2062 batur,
268 1983 365 2046 certis
381 1980 578 2065 argumentis
591 1980 833 2048 demonstravit.
870 1980 1035 2045 Kaibelius
1051 1981 1171 2064 primus
1187 1981 1220 2072 iu
1237 1999 1320 2046 ccm-

144 2089 341 2153 mcntatione
358 2086 398 2152 de
418 2087 654 2173 prolegomenis
672 2089 744 2167 περὶ
760 2088 929 2172 κωμῳδίας
948 2088 1092 2171 scripta⁵
1112 2105 1174 2169 qua
1196 2087 1319 2151 ratione

145 2195 272 2261 libellus
284 2195 448 2260 institutus
462 2215 588 2278 quaque
601 2196 793 2262 auctoritate
806 2193 892 2288 apud
907 2195 1101 2278 Byzantinos
1117 2210 1192 2259 usus
1210 2192 1319 2275 fuerit,

146 2300 295 2370 ostendit.
322 2300 470 2379 Quicum
489 2308 646 2368 tractatus
664 2302 705 2368 de
721 2300 888 2367 comoedia
901 2302 1009 2366 Attica
1026 2301 1162 2385 scriptos
1177 2319 1320 2385 perscru-

146 2415 280 2490 taretur,
303 2408 426 2473 invenit
449 2409 555 2474 omnia
579 2408 635 2473 illa
659 2407 920 2474 commentariola
945 2408 1134 2493 Byzantina,
1159 2408 1318 2472 a'I'zetza

145 2518 333 2601 plerumque
359 2516 551 2600 conscripta,
576 2515 618 2581 ad
642 2515 749 2580 Procli
773 2513 1055 2580 chrestomathiam
1079 2513 1131 2580 vel
1154 2520 1252 2602 recta
1268 2515 1321 2579 via

145 2623 197 2689 vel
222 2621 352 2688 scholiis
375 2623 409 2687 in
432 2623 580 2707 Dionysii
605 2622 742 2689 Thracis
765 2628 866 2688 artem
891 2622 1020 2706 scriptis
1044 2621 1319 2687 intercedentibus

146 2729 262 2795 redire.
309 2728 379 2807 Quo
409 2730 531 2795 factum
560 2738 618 2808 cst,
654 2738 689 2795 ut
720 2751 790 2795 cum
820 2737 917 2796 antea
941 2727 1022 2802 duos
1049 2735 1172 2814 tantum
1201 2730 1321 2814 primos

146 2835 416 2903 chrestomathiae
440 2838 538 2904 libros
554 2839 807 2921 cognoverimus,
832 2858 915 2903 nuno
937 2838 1033 2926 etiam
1054 2834 1095 2902 de
1112 2836 1214 2901 altera
1229 2841 1321 2920 parte

145 2943 260 3010 melius
284 2945 436 3009 certiores
460 2944 541 3009 iacti
565 2944 672 3010 simus.
720 2942 846 3009 Deinde
863 2943 1031 3010 Kaibelius
1055 2941 1185 3008 scholiis
1201 2943 1321 3026 Diony·

146 3051 244 3116 sianis
273 3069 349 3116 usus
372 3049 521 3115 Photium
553 3051 740 3135 praesertim
768 3051 801 3114 in
829 3051 921 3116 initio
946 3051 1091 3135 excerpti
1115 3050 1164 3116 sui
1187 3069 1320 3134 parvam

146 3164 267 3222 tantum
301 3169 424 3241 partem
459 3177 567 3222 eorum
600 3158 755 3242 praebere
788 3158 947 3242 probavit,
981 3176 1063 3240 quae
1093 3157 1126 3222 in
1157 3156 1321 3241 prooemio

146 3265 285 3348 genuino
321 3265 506 3329 extiterunt.
563 3265 614 3328 Ab
650 3284 688 3330 eo
725 3266 826 3349 primo
861 3263 1033 3330 didicimus
1068 3265 1159 3330 cuius
1193 3263 1320 3346 generis

146 3371 245 3436 fuerit
280 3378 311 3436 et
345 3391 439 3454 quam
473 3371 715 3456 dispositionem
751 3371 900 3437 habuerit
934 3369 1202 3452 chrestomathia3
1236 3389 1321 3435 nunc

146 3485 283 3563 apparet
306 3479 339 3542 in
363 3478 457 3543 titulo
482 3479 720 3558 χρηστομάθεια
736 3481 933 3559 γραμματική
950 3499 1103 3545 summam
1123 3478 1186 3544 vim
1203 3496 1321 3561 ponen-

147 3585 220 3650 dam
246 3604 316 3650 esse
339 3585 371 3648 in
396 3583 559 3651 adiectivo
590 3593 622 3650 et
651 3585 724 3651 libri
753 3585 838 3651 illius
863 3585 1027 3653 consilium
1053 3585 1154 3651 fuisse
1176 3584 1321 3697 homineys
1357 3654 1369 3703 ᾖ

254 3848 265 3885 1
285 3855 470 3920 postremum
495 3849 576 3904 edita
602 3865 621 3903 a
644 3850 677 3904 R.
696 3849 850 3919 Westphal
873 3851 904 3904 in
928 3848 1034 3920 Script.
1054 3855 1137 3906 metr.
1158 3848 1209 3904 Gr.
1228 3850 1287 3905 vol.
1307 3850 1321 3903 Ι

147 3956 176 4009 p.
190 3938 472 4097 229{qrilllgomeine
490 4027 615 4082 Literat.
636 4027 731 4097 Zoitg.
750 4026 819 4081 1837
839 4044 868 4097 p.
883 4026 935 4080 115
954 4032 985 4081 et
1005 4027 1064 4081 11‘1.

254 4112 403 4172 ⁸Grioch.
422 4115 691 4170 Bilderchroniken
712 4132 740 4185 p.
754 4114 798 4170 97.

253 4202 330 4260 4De
356 4203 441 4260 Aelio
465 4205 612 4274 Dionysio
636 4206 751 4260 Musico
782 4205 833 4274 qui
862 4210 998 4259 vocatur.
1037 4205 1114 4260 Dies.
1134 4204 1230 4260 Bonn.
1251 4204 1321 4260 1886

148 4311 175 4364 p·
189 4293 225 4349 ³⁶
245 4294 361 4437 ztriBh.
381 4383 409 4437 d.
428 4382 496 4454 Kgl.
517 4383 586 4438 Ges.
605 4385 633 4437 d.
653 4383 831 4439 Wissensch.
856 4400 881 4439 z.
901 4382 1076 4454 Gdttingen,
1105 4383 1321 4454 philol-histor.

148 4472 195 4528 Κ1.
224 4471 257 4529 N.
278 4471 310 4527 F.
337 4472 370 4527 Β.
389 4472 426 4540 11,
446 4473 463 4526 4
482 4472 584 4540 (1898).
