3118 5044
619 290 795 347 -15-

120 476 172 539 καὶ
196 479 242 559 τῷ
266 473 331 558 ἐμῷ
356 475 391 538 δὲ
415 472 549 557 ἀδελφῷ
572 473 786 551 ἐκπεπόνηται
806 473 878 537 λίαν
894 471 1050 537 κάλλιστα
1065 473 1116 536 καὶ
1132 471 1294 552 φιλοτιμό-

120 602 201 646 τατα
225 583 298 660 περὶ
321 580 437 644 τούτου
463 582 498 644 ἐν
521 586 558 664 τῇ
582 583 640 643 τοῦ
666 580 875 658 Λυκόφρονος
904 580 1060 657 ἐξηγήσει.
1108 578 1230 656 Quibus
1254 578 1294 646 de

120 689 250 773 scriptis
273 686 357 751 idem
385 686 568 751 iaciendum
600 694 647 751 est
675 685 838 764 iudicium,
874 685 959 767 quod
993 685 1033 749 de
1060 685 1295 769 prolegomenis

121 793 302 862 Hesiodeis.
339 793 389 858 Of.
415 793 562 876 Prolegg.
588 794 620 856 iu
645 792 807 877 Lycophr.
830 814 863 877 p.
882 793 945 856 247
973 792 1100 856 Muller:
1127 793 1204 872 Τοῖς
1227 796 1295 857 τῶν

121 908 295 981 ποιητικῶν
321 902 437 980 βίβλων
457 900 670 979 κατάρχεσθαι
687 901 840 977 μέλλουσι
863 900 939 963 δέον
956 899 1074 963 εἰδέναι
1090 903 1220 979 πρῶτον
1236 901 1294 979 τὰς

120 1011 187 1073 τῶν
211 1011 354 1086 ποιητῶν
379 1007 538 1086 διαφορὰς
564 1004 620 1070 εἶθ’
647 1005 752 1084 οὕτως
777 1006 908 1070 ἐκείνων
931 1009 1001 1083 ταῖς
1027 1006 1147 1086 βίβλοις
1171 1007 1296 1087 εἰσβάλ-

122 1118 200 1192 λειν,
223 1113 264 1178 ἵν’
284 1115 410 1194 είδοίεν,
431 1113 548 1177 ὁποίου
566 1112 672 1190 εἴδους
682 1116 755 1186 ,τῶν
771 1115 914 1190 ποιητῶν
931 1113 1137 1191 μετέρχονται
1154 1114 1295 1192 βίβλους.

121 1223 167 1286 Τὸ
191 1223 326 1300 ποιητὴς
350 1221 411 1299 γὰρ
434 1219 716 1298 ἀπροσδιορίστιυς
742 1219 917 1297 λεγόμενον
941 1219 1068 1295 γενικόν
1087 1219 1176 1284 ἐστιν
1193 1219 1296 1299 ὄνομα

121 1329 174 1391 καὶ
198 1327 380 1408 ὁμώνυμον,
406 1327 450 1404 είς
475 1326 543 1404 είδη
568 1326 793 1404 διαιρούμενον
817 1327 969 1390 πλείονα·
995 1327 1040 1405 εἰς
1064 1328 1122 1406 τὸν
1146 1327 1213 1391 κατ’
1230 1328 1294 1396 ἐξο

122 1437 183 1514 χὴν
215 1437 266 1499 καί
301 1434 583 1513 ἀπροσδιορίστως
600 1441 605 1454 “
620 1434 794 1512 λεγόμενον
829 1434 965 1511 ποιητὴν
999 1435 1050 1498 καὶ
1085 1433 1129 1511 εἰς
1166 1435 1295 1512 λυρικόν
1401 1451 1403 1455 ’

122 1545 269 1623 ποιητήν,
294 1542 339 1619 εἰς
357 1542 593 1622 διθυραμβικόν,
614 1541 659 1619 εἰς
677 1540 911 1621 ίαμβογράφον,
932 1540 1093 1622 τραγικόν,
1110 1543 1294 1622 σατυρικόν,

127 1650 276 1729 κωμικόν,
312 1649 357 1726 εἰς
392 1643 653 1729 ἐλεγειογρὰφον,
691 1647 735 1724 είς
771 1645 1118 1726 ἐπιγραμματογράφον
1152 1649 1210 1712 τὸν
1245 1650 1296 1712 καὶ

122 1754 369 1836 ἀναθηματικόν,
394 1755 439 1831 εἰς
465 1754 686 1835 ὑμνογράφον,
710 1754 755 1831 εἰς
780 1753 1046 1837 ᾀσματογράφον,
1075 1755 1133 1819 τὸν
1157 1757 1208 1819 καὶ
1231 1753 1295 1819 ἀοι-

123 1862 193 1942 δόν,
218 1861 263 1940 εἰς
287 1860 616 1938 ἐπιθαλαμιογράφον,
640 1860 685 1939 εἰς
702 1860 853 1944 μονῳδὸν
869 1862 920 1923 καὶ
937 1861 982 1939 εἰς
999 1862 1093 1940 μυρία
1110 1861 1202 1940 ἕτερα
1217 1862 1295 1940 εἴδη,

93 2021 96 2028 .
123 1967 205 2047 ἅπερ
234 1968 355 2047 μακρόν
383 1968 451 2030 ἐστι
483 1968 586 2043 λέγειν
615 1969 666 2030 καὶ
695 1966 837 2045 ὀχληρὸν
865 1969 978 2045 καίπερ
1007 1966 1145 2047 ἀκριβῶς
1169 1970 1296 2034 ἐπιοτά-
1349 2031 1350 2036 ,

122 2095 231 2153 μενον.
279 2074 348 2151 Quo
380 2082 552 2158 conspectu
582 2073 657 2139 dato
683 2073 814 2157 'singula
842 2075 948 2158 poesis
972 2094 1091 2157 genera
1116 2083 1147 2140 et
1171 2078 1295 2163 speeies

123 2189 300 2265 pertractat
324 2183 379 2264 ita,
405 2188 439 2245 ut
464 2181 570 2246 Procli
595 2179 815 2264 compendium
841 2182 988 2265 exemplo
1013 2183 1041 2246 ei
1070 2183 1168 2248 fuisse
1196 2206 1295 2269 appa·

123 2295 201 2355 reat.
248 2288 403 2354 Similiter
427 2288 458 2351 in
482 2286 611 2352 scholiis
635 2289 666 2350 in
692 2286 832 2373 Oppiani
858 2288 1042 2353 Halieutica
1065 2291 1192 2374 scriptis
1221 2310 1296 2374 pau·

124 2395 263 2460 cioribus
277 2393 405 2476 quidem
424 2394 531 2459 verbis
549 2394 716 2478 praefatur
732 2394 782 2459 cd.
799 2394 1013 2460 Bussemalrer
1025 2416 1056 2480 p.
1071 2396 1161 2460 2601)
1176 2398 1215 2462 lh
1226 2417 1295 2479 sqq.

233 2503 263 2566 2.
303 2501 447 2566 Vidimus
475 2502 573 2583 igitur
597 2501 744 2566 Proclum
774 2503 806 2565 in
832 2500 1083 2567 chrestomathia
1107 2522 1170 2566 uon
1194 2504 1296 2569 minus

125 2628 219 2690 quam
244 2609 428 2693 inscriptis
457 2607 498 2672 ad
525 2607 761 2693 philosophiam
786 2608 1020 2691 pertinentibus
1043 2615 1131 2673 certa
1157 2609 1295 2690 quadam

123 2714 284 2780 scribendi
309 2722 377 2780 arte
403 2714 537 2779 differre
561 2736 581 2779 a
605 2715 720 2779 ceteris
744 2715 792 2778 sui
817 2715 943 2797 generis
972 2714 1191 2800 scriptoribus,
1222 2735 1295 2800 qua,

123 2829 268 2886 curtam
293 2821 426 2886 multum
450 2841 488 2886 eo
512 2821 561 2884 usi
585 2822 649 2886 siut
672 2822 802 2904 posteri,
828 2821 1016 2905 explicatur.
1063 2822 1164 2888 Nobis
1188 2829 1296 2888 autem

121 2928 177 2993 illa
202 2928 382 3013 proprietas
407 2928 552 3007 βασάνου
576 2928 646 2991 loco
671 2947 741 2992 esse
765 2935 872 3011 potest
895 2929 927 2991 iu
951 2928 1094 3010 reliquiis
1119 2930 1296 2996 Proclianis

123 3034 401 3120 recognoscendis.
454 3035 578 3100 Primus
610 3035 777 3100 Kaibelius
810 3033 1093 3100 chrestomathiam
1126 3037 1296 3102 restituere

122 3143 240 3229 coepit.
287 3143 438 3208 Fortasse
458 3142 549 3207 nobis
574 3143 749 3224 continget,
773 3149 808 3205 ut
830 3141 972 3226 pluribus
989 3142 1135 3227 vestigiis
1158 3143 1296 3210 inventis

123 3249 245 3332 aliquid
269 3248 313 3315 ad
337 3249 559 3334 compendium
576 3249 713 3333 amplius
729 3248 962 3315 restituendum
979 3249 1165 3315 afferamus.
1206 3251 1296 3329 Quae

122 3376 197 3441 spes
226 3354 321 3420 valde
349 3357 506 3437 firmatur,
541 3377 611 3421 cum
639 3376 719 3438 quas
750 3357 1014 3422 commutationes
1047 3355 1296 3422 chrestomathia

122 3483 220 3547 passa
251 3463 292 3528 sit
324 3463 558 3528 meminerimus
572 3465 592 3526 ¹.
641 3462 667 3526 ll
697 3461 778 3526 lihro
811 3463 950 3544 genuino
982 3462 1165 3545 eclogarum
1196 3462 1295 3528 editio

122 3570 212 3635 facta
235 3577 292 3646 est,
318 3590 411 3652 quam
438 3569 571 3634 Photius
595 3569 766 3654 excerpsit.
803 3567 984 3634 Garminum
1010 3570 1173 3654 epicorum
1197 3569 1297 3656 hypo·

122 3676 231 3742 theses
265 3677 298 3740 in
327 3675 439 3741 Iliadis
473 3675 637 3740 codicibus
667 3675 790 3740 Veneto
822 3682 859 3739 'et
894 3675 1109 3741 Escurialensi
1145 3683 1296 3761 receptae

122 3790 206 3848 sunt.
252 3783 363 3848 Utrum
388 3783 485 3847 etiam
510 3781 591 3846 haec
614 3789 767 3866 excerpta
785 3802 825 3846 ex
842 3782 1024 3864 eclogarum
1043 3781 1184 3848 editione
1208 3784 1296 3850 facta

123 3891 202 3972 sint,·
221 3897 256 3955 ut
280 3888 410 3955 Iahnius
435 3895 554 3970 censet,
580 3887 685 3953 arrad
712 3889 836 3954 librum
850 3889 1023 3970 genuinum
1047 3888 1193 3971 redeant,
1217 3889 1296 3955 diiu-

123 3997 233 4063 dicare
250 3997 333 4062 nolo.
380 3996 416 4062 ld
434 3999 492 4081 pro
510 4004 598 4061 certo
623 3995 727 4060 habeo
744 3996 874 4060 Homeri
899 3996 998 4060 vitam
1023 4016 1085 4061 non
1109 3997 1208 4062 multo
1231 4017 1296 4062 am·

123 4105 255 4191 pliorem
289 4104 398 4186 fuisse,
434 4124 530 4186 quam
565 4122 647 4185 quae
674 4103 706 4166 iu
734 4103 854 4167 Veneto
884 4110 916 4167 et
945 4103 1162 4168 Escurialensi
1194 4110 1295 4170 extat.

124 4211 231 4276 Verba
259 4211 315 4275 illa
343 4213 387 4295 (p.
405 4212 479 4292 232,
500 4214 540 4274 10
557 4210 622 4290 W.)
656 4208 752 4274 Ἀλλὰ
776 4211 814 4288 δὴ
839 4213 939 4274 ταῦτα
963 4212 1020 4289 μὲν
1044 4214 1167 4289 πολλῆς
1191 4210 1296 4289 ἔχεται

229 4441 240 4478 ¹
260 4444 297 4496 cs.
316 4441 405 4510 Jahn,
425 4440 617 4497 Grlechische
636 4441 903 4496 Bilderchroniken
922 4458 951 4511 p.
965 4441 1008 4495 97.
