3118 5044
755 320 929 374 ..42-

253 502 376 584 Quibus
411 502 592 588 oppositum
628 506 676 566 est
711 500 830 564 Suidae
867 499 1100 565 testimonium:
1140 502 1213 578 περὶ
1248 513 1430 578 χρηστομα-
1557 547 1558 554 ι

253 612 341 689 θείας
372 611 476 690 βιβλία
501 607 532 682 i.
583 611 668 673 Ante
697 607 913 673 Immiscbium
942 627 1051 672 omnes
1080 605 1188 672 Photii
1218 614 1250 672 et
1279 605 1429 672 codicum

254 718 477 784 auctoritatem
511 716 611 804 secuti
646 723 746 781 totam
780 715 1065 781 chrestomathiam
1093 717 1125 779 in
1154 722 1304 799 quattuor
1328 716 1430 781 libros

254 825 389 892 divisam
414 844 484 892 esse
508 823 780 889 existimaverant.
826 821 944 888 Omnes
961 824 1104 908 posuisse
1120 822 1269 887 videntur
1292 822 1429 889 Suidam

254 932 426 999 editionem
458 932 678 997 abbreviatam
715 937 789 995 ante
823 930 934 996 oculos
968 930 1160 1011 habuisse1).
1213 929 1428 1010 lmmischius,

254 1040 307 1123 qui
332 1041 452 1124 primus
475 1038 558 1104 hanc
592 1039 811 1119 quaestionem
846 1037 1029 1103 accuratius
1061 1039 1162 1102 movit
1186 1039 1231 1123 (p.
1255 1038 1428 1120 238sqq.),

254 1146 504 1212 testimoniorum
536 1144 755 1209 differentiam
787 1163 825 1208 eo
854 1144 1079 1228 explicandam
1109 1164 1181 1210 esse
1204 1151 1305 1228 putat,
1340 1143 1430 1227 quod

255 1253 437 1337 eclogarum
462 1251 561 1316 editio
584 1252 616 1314 in
641 1259 792 1333 quattuor
816 1251 941 1316 libellos
965 1251 1111 1332 (λόγους)
1136 1249 1242 1316 divisa
1266 1254 1429 1331 (διαιρεῖν)

255 1359 361 1442 luerit,
387 1379 457 1424 cum
482 1378 562 1442 opus
586 1358 758 1440 genuinum
782 1366 847 1423 tres
871 1358 969 1423 libros
992 1357 1280 1442 comprehenderit.
1324 1356 1430 1434 Quam

254 1466 445 1532 sententiam
469 1465 533 1528 iarn
557 1464 717 1529 Prellerus
741 1465 904 1549 professus
929 1473 978 1530 est
1002 1464 1022 1528 l.
1040 1465 1060 1528 l.
1085 1486 1118 1549 p.
1138 1465 1216 1528 115:
1252 1465 1327 1529 Was
1350 1465 1432 1528 aber

256 1572 308 1637 die
332 1571 517 1654 Einteilung
548 1571 684 1654 betrifft,
717 1591 752 1636 so
788 1571 835 1638 las
864 1570 998 1636 Photius
1028 1569 1067 1655 ja
1101 1590 1160 1635 nur
1188 1571 1336 1654 Eklogen
1369 1591 1431 1635 aus

255 1678 312 1744 der
335 1677 539 1743 Proclischen
565 1677 832 1760 Chrestomathie,
856 1677 946 1742 nicht
971 1677 1029 1742 das
1053 1698 1155 1761 ganue
1169 1677 1284 1743 Werlr.
1323 1677 1429 1743 Wenn

255 1807 289 1852 er
323 1786 390 1850 also
423 1794 512 1867 sagt:
549 1784 617 1848 ἔστι
651 1787 685 1849 οὲ
718 1786 755 1849 τὸ
790 1787 910 1865 βιβλίον
943 1786 989 1865 εἰς
1019 1767 1040 1850 b
1073 1785 1266 1870 διῃρημένον
1297 1785 1429 1862 λόγους,

255 1913 290 1958 so
319 1891 402 1976 folgt
429 1890 547 1958 daraus
579 1911 637 1986 nur
665 1891 780 1974 dieses,
815 1891 891 1957 dass
923 1891 976 1956 die
1007 1892 1156 1975 Eklogen
1189 1893 1222 1956 in
1255 1891 1431 1956 4Btlcher

255 2047 316 2067 ...
336 1999 499 2081 perficiem,
534 1997 624 2064 nieht
654 1998 729 2064 dass
757 1999 840 2064 aucb
871 1998 930 2065 das
954 1998 1189 2084 Originalwerlr
1208 2047 1215 2064 .
1233 2047 1242 2064 .
1260 2048 1268 2063 .
1285 1997 1430 2064 dieselbe

255 2105 440 2189 Einteilung
476 2104 576 2170 hatte.
633 2105 675 2171 Ut
710 2106 876 2190 vulgarem
912 2107 1095 2191 opinionem
1134 2105 1265 2182 abiciat,
1304 2104 1430 2170 duabus

255 2213 453 2297 potissimum
486 2211 592 2277 causis
623 2213 695 2296 cogi
728 2232 762 2277 se
794 2212 969 2278 arbitratur
1002 2213 1213 2279 Immisohius.
1277 2214 1325 2278 Ac
1365 2212 1429 2297 pri-

255 2339 340 2383 mum
371 2317 499 2400 quidem
530 2317 650 2384 Suidae
680 2320 893 2384 testimonium
928 2321 1101 2404 neglegere
1137 2319 1273 2401 dubitat,
1309 2318 1427 2383 deinde

255 2425 379 2509 vulgari
414 2426 563 2510 opinione
587 2436 722 2510 accepta
751 2426 833 2492 liber
861 2427 952 2509 alter,
987 2428 1040 2509 qui
1065 2426 1171 2491 medio
1195 2427 1227 2489 in
1251 2427 1428 2511 epopoeiae

256 2534 363 2617 capite
396 2533 551 2616 incipiens
584 2533 731 2617 elegiam,
767 2533 916 2616 iambum,
952 2535 1073 2618 poesim
1107 2534 1240 2619 lyricam
1274 2534 1427 2616 continet,

256 2641 349 2706 nimis
382 2639 495 2723 longus
528 2639 557 2704 ei
594 2639 721 2705 videtur
754 2660 824 2706 esse
858 2643 903 2725 (p.
932 2642 1021 2719 242).
1080 2639 1171 2719 Quae
1207 2660 1323 2706 causae
1357 2661 1427 2725 gra·

256 2748 305 2812 vis
328 2747 479 2811 momenti
507 2766 579 2811 mea
610 2746 739 2829 quidem
763 2748 923 2812 sententia
955 2768 1016 2812 non
1045 2755 1128 2812 sunt.
1175 2748 1315 2812 Primum
1343 2749 1425 2812 enim

256 2873 402 2919 moneam
420 2852 576 2940 *Photium
601 2860 633 2918 et
657 2853 787 2918 codices
810 2853 873 2918 duo
897 2854 1091 2937 testimonia,
1125 2874 1207 2937 quae
1236 2875 1351 2939 perse
1375 2875 1426 2918 ra·

149 2997 152 3004 ·
256 2962 332 3042 lent,
367 2959 531 3044 praebere,
566 2961 681 3042 quibus
710 2980 791 3026 unus
816 2960 933 3026 Suidas
960 2963 1126 3046 oppositus
1155 2969 1232 3026 est..
1261 2961 1348 3026 Fieri
1371 2982 1426 3046 po·

257 3073 329 3149 test,
354 3076 389 3131 ut
404 3066 522 3132 Suidas
546 3087 608 3132 non
634 3075 734 3132 totam
760 3061 1040 3133 chres'tcmatbiam
1066 3069 1270 3152 cognoverit3
1294 3068 1425 3151 quodsi

257 3173 389 3239 credere
417 3174 572 3257 nolumus,
607 3182 733 3240 constat
767 3183 854 3241 certe
878 3176 998 3241 Suidae
1031 3176 1171 3242 numeris
1203 3197 1266 3240 non
1297 3195 1425 3242 caecam

257 3280 357 3346 iidem
391 3280 512 3346 haberi·
534 3301 638 3366 posse.
690 3283 803 3364 Neque
836 3283 971 3349 alterum
1004 3291 1225 3366 argumentum
1259 3284 1424 3368 probabile

257 3387 394 3454 videtur.
442 3388 559 3472 Capita
583 3390 677 3469 enim,
711 3390 825 3470 quibus
849 3388 890 3454 de
915 3390 1029 3474 elegia,
1064 3391 1181 3474 iambo,
1211 3391 1301 3476 poesi
1327 3391 1426 3476 lyrica

258 3497 374 3577 agitur,
400 3515 463 3559 non
486 3496 586 3560 multo
611 3497 767 3580 ampliora
790 3498 822 3560 in
848 3497 963 3562 Proelo
991 3499 1061 3582 ipso
1086 3497 1197 3580 fuisse,
1226 3518 1321 3580 quam
1345 3517 1426 3580 quae

257 3603 391 3667 Photius
426 3604 570 3687 praebet,
607 3623 703 3688 supra
727 3602 882 3684 diximus3
922 3604 978 3669 sed
1014 3606 1210 3689 prooemium
1245 3603 1425 3690 compendii

258 3710 356 3774 multo
381 3711 516 3795 amplius
540 3710 610 3774 fuit.
659 3711 735 3775 Cum
761 3712 859 3795 igitur
883 3711 954 3776 libri
973 3711 1077 3797 primi,
1102 3714 1155 3794 qui
1180 3713 1375 3797 prooemium
1396 3719 1426 3775 et

258 3819 433 3902 epopoeiae
458 3827 581 3903 partem
606 3819 801 3900 continebat,
826 3820 979 3884 ambitum
1005 3839 1076 3884 cunr
1102 3821 1234 3886 alterius
1258 3819 1330 3884 libri
1355 3839 1425 3885 con·

259 3925 379 4006 tuleris
405 3944 459 3989 eos
483 3923 596 3989 eadem
622 3925 688 3989 fere
712 3925 933 4008 magnitudine
958 3927 1056 3991 fuisse
1081 3925 1249 3992 concedes.
1295 3926 1427 3992 Proolus

260 4031 357 4096 libros
381 4037 532 4112 quantum
557 4039 684 4116 poterat
707 4051 846 4114 aequare
870 4033 1001 4098 studuit.
1043 4034 1086 4097 At
1110 4033 1205 4098 valde
1229 4038 1312 4098 esset
1337 4031 1427 4098 mira·

260 4138 332 4218 bile,
367 4140 393 4204 si
423 4139 604 4222 eclogarum
638 4138 741 4204 editor
775 4138 880 4204 medio
913 4141 944 4204 in
974 4140 1152 4225 epopoeiae
1183 4142 1290 4225 capite
1313 4139 1426 4204 librum

366 4385 376 4421 1
396 4387 433 4440 cl,
453 4385 579 4448 Usener,
598 4386 672 4440 Mus.
692 4387 785 4462 Rhen.
806 4389 864 4441 vol.
884 4387 928 4456 28,
946 4388 1012 4457 4143
1036 4387 1117 4442 Jahn
1137 4390 1153 4441 l.
1175 4391 1192 4442 l.
1212 4405 1239 4458 p.
1255 4389 1302 4457 973
1322 4387 1427 4458 Christ,

266 4474 367 4530 lesch.
388 4475 414 4530 d.
435 4491 480 4544 gr.
500 4474 581 4530 Lit⁴
600 4493 628 4546 p.
642 4477 702 4530 878.
