<?xml version="1.0" encoding="UTF-8"?>
<!DOCTYPE html PUBLIC "-//W3C//DTD XHTML 1.0 Transitional//EN"
    "http://www.w3.org/TR/xhtml1/DTD/xhtml1-transitional.dtd">
<html xmlns="http://www.w3.org/1999/xhtml" xml:lang="en" lang="en">
 <head>
  <title>
</title>
<meta http-equiv="Content-Type" content="text/html;charset=utf-8" />
  <meta name='ocr-system' content='tesseract 3.04.00' />
  <meta name='ocr-capabilities' content='ocr_page ocr_carea ocr_par ocr_line ocrx_word'/>
</head>
<body>
  <div class='ocr_page' id='page_1' title='image "./deproclichresto01steigoog_0023.png"; bbox 0 0 3118 5044; ppageno 0'>
   <div class='ocr_carea' id='block_1_1' title="bbox 767 309 945 369">
    <p class='ocr_par' dir='ltr' id='par_1_1' title="bbox 767 309 945 369">
     <span class='ocr_line' id='line_1_1' title="bbox 767 309 945 369; baseline 0.006 -15"><span class='ocrx_word' id='word_1_1' title='bbox 767 309 945 369; x_wconf 66' lang='lat'>..16...</span> 
     </span>
    </p>
   </div>
   <div class='ocr_carea' id='block_1_2' title="bbox 268 491 1448 2102">
    <p class='ocr_par' dir='ltr' id='par_1_2' title="bbox 269 491 1448 1330">
     <span class='ocr_line' id='line_1_2' title="bbox 269 491 1446 580; baseline -0.004 -15"><span class='ocrx_word' id='word_1_2' title='bbox 269 499 447 579; x_wconf 87' lang='grc' dir='ltr'>Ζητήσεως·</span> <span class='ocrx_word' id='word_1_3' title='bbox 471 496 525 561; x_wconf 89' lang='grc' dir='ltr'>ίνα</span> <span class='ocrx_word' id='word_1_4' title='bbox 549 497 585 561; x_wconf 79' lang='grc' dir='ltr'>δὲ</span> <span class='ocrx_word' id='word_1_5' title='bbox 608 498 686 574; x_wconf 83' lang='grc' dir='ltr'>μηδὲ</span> <span class='ocrx_word' id='word_1_6' title='bbox 710 495 835 560; x_wconf 88' lang='grc' dir='ltr'>τούτων</span> <span class='ocrx_word' id='word_1_7' title='bbox 862 495 994 576; x_wconf 87' lang='grc' dir='ltr'>ἄπειρος</span> <span class='ocrx_word' id='word_1_8' title='bbox 1018 495 1174 580; x_wconf 85' lang='grc' dir='ltr'>ύπάρχῃς,</span> <span class='ocrx_word' id='word_1_9' title='bbox 1200 491 1252 560; x_wconf 83' lang='grc' dir='ltr'>διὰ</span> <span class='ocrx_word' id='word_1_10' title='bbox 1276 495 1374 560; x_wconf 85' lang='grc' dir='ltr'>τοῦτο</span> <span class='ocrx_word' id='word_1_11' title='bbox 1399 491 1446 574; x_wconf 86' lang='grc' dir='ltr'>εἰς</span> 
     </span>
     <span class='ocr_line' id='line_1_3' title="bbox 269 603 1447 692; baseline -0.003 -22"><span class='ocrx_word' id='word_1_12' title='bbox 269 610 370 670; x_wconf 89' lang='grc' dir='ltr'>ταθτα</span> <span class='ocrx_word' id='word_1_13' title='bbox 393 603 603 683; x_wconf 87' lang='grc' dir='ltr'>κατεχώρησα</span> <span class='ocrx_word' id='word_1_14' title='bbox 626 604 805 668; x_wconf 86' lang='lat' dir='ltr'>sententiae</span> <span class='ocrx_word' id='word_1_15' title='bbox 828 623 919 668; x_wconf 86' lang='lat' dir='ltr'>mene</span> <span class='ocrx_word' id='word_1_16' title='bbox 943 603 1065 692; x_wconf 77' lang='lat' dir='ltr'>favent.</span> <span class='ocrx_word' id='word_1_17' title='bbox 1102 603 1228 669; x_wconf 78' lang='lat' dir='ltr'>Deinde</span> <span class='ocrx_word' id='word_1_18' title='bbox 1244 605 1285 668; x_wconf 91' lang='lat' dir='ltr'>ab</span> <span class='ocrx_word' id='word_1_19' title='bbox 1304 604 1447 670; x_wconf 80' lang='lat' dir='ltr'>Usenero</span> 
     </span>
     <span class='ocr_line' id='line_1_4' title="bbox 269 708 1448 797; baseline -0.003 -20"><span class='ocrx_word' id='word_1_20' title='bbox 269 714 371 797; x_wconf 93' lang='lat' dir='ltr'>primo</span> <span class='ocrx_word' id='word_1_21' title='bbox 392 712 481 776; x_wconf 85' lang='lat' dir='ltr'>locus</span> <span class='ocrx_word' id='word_1_22' title='bbox 505 711 559 792; x_wconf 92' lang='lat' dir='ltr'>qui</span> <span class='ocrx_word' id='word_1_23' title='bbox 582 711 615 773; x_wconf 95' lang='lat' dir='ltr'>in</span> <span class='ocrx_word' id='word_1_24' title='bbox 638 708 770 776; x_wconf 79' lang='lat' dir='ltr'><strong>scholiis</strong></span> <span class='ocrx_word' id='word_1_25' title='bbox 793 710 836 775; x_wconf 92' lang='lat' dir='ltr'>ad</span> <span class='ocrx_word' id='word_1_26' title='bbox 851 710 1041 794; x_wconf 80' lang='lat' dir='ltr'>Gregorium</span> <span class='ocrx_word' id='word_1_27' title='bbox 1055 711 1292 778; x_wconf 85' lang='lat' dir='ltr'>Nazianzenum</span> <span class='ocrx_word' id='word_1_28' title='bbox 1317 710 1448 795; x_wconf 85' lang='lat' dir='ltr'>seriptis</span> 
     </span>
     <span class='ocr_line' id='line_1_5' title="bbox 270 816 1446 902; baseline -0.004 -17"><span class='ocrx_word' id='word_1_29' title='bbox 270 826 360 885; x_wconf 85' lang='lat' dir='ltr'>extat</span> <span class='ocrx_word' id='word_1_30' title='bbox 395 819 515 902; x_wconf 84' lang='lat' dir='ltr'>(Migne</span> <span class='ocrx_word' id='word_1_31' title='bbox 543 817 661 881; x_wconf 89' lang='lat' dir='ltr'>Patrol.</span> <span class='ocrx_word' id='word_1_32' title='bbox 688 816 803 882; x_wconf 81' lang='lat' dir='ltr'>Graec.</span> <span class='ocrx_word' id='word_1_33' title='bbox 828 817 891 882; x_wconf 87' lang='lat' dir='ltr'>vol.</span> <span class='ocrx_word' id='word_1_34' title='bbox 916 817 959 881; x_wconf 83' lang='lat'>36</span> <span class='ocrx_word' id='word_1_35' title='bbox 989 839 1021 902; x_wconf 89' lang='lat' dir='ltr'>p.</span> <span class='ocrx_word' id='word_1_36' title='bbox 1041 817 1149 898; x_wconf 76' lang='lat'>9140)</span> <span class='ocrx_word' id='word_1_37' title='bbox 1186 816 1349 882; x_wconf 87' lang='lat' dir='ltr'>adhibitus</span> <span class='ocrx_word' id='word_1_38' title='bbox 1385 821 1446 898; x_wconf 81' lang='lat' dir='ltr'>ert,</span> 
     </span>
     <span class='ocr_line' id='line_1_6' title="bbox 270 921 1447 1008; baseline -0.004 -17"><span class='ocrx_word' id='word_1_39' title='bbox 270 924 444 992; x_wconf 88' lang='lat' dir='ltr'>seeundum</span> <span class='ocrx_word' id='word_1_40' title='bbox 474 943 566 1006; x_wconf 90' lang='lat' dir='ltr'>quem</span> <span class='ocrx_word' id='word_1_41' title='bbox 600 922 711 1007; x_wconf 81' lang='lat' dir='ltr'>cyclus</span> <span class='ocrx_word' id='word_1_42' title='bbox 741 923 851 1008; x_wconf 76' lang='lat' dir='ltr'>epioni</span> <span class='ocrx_word' id='word_1_43' title='bbox 882 923 1057 1007; x_wconf 89' lang='lat' dir='ltr'>separatim</span> <span class='ocrx_word' id='word_1_44' title='bbox 1083 923 1189 989; x_wconf 91' lang='lat' dir='ltr'>editus</span> <span class='ocrx_word' id='word_1_45' title='bbox 1213 943 1283 989; x_wconf 90' lang='lat' dir='ltr'>esse</span> <span class='ocrx_word' id='word_1_46' title='bbox 1307 921 1447 988; x_wconf 88' lang='lat' dir='ltr'>videtur.</span> 
     </span>
     <span class='ocr_line' id='line_1_7' title="bbox 270 1017 1447 1116; baseline -0.003 -18"><span class='ocrx_word' id='word_1_47' title='bbox 270 1017 391 1099; x_wconf 88' lang='lat' dir='ltr'>Suidae</span> <span class='ocrx_word' id='word_1_48' title='bbox 415 1031 552 1113; x_wconf 88' lang='lat' dir='ltr'>denique</span> <span class='ocrx_word' id='word_1_49' title='bbox 576 1030 675 1095; x_wconf 87' lang='lat' dir='ltr'>verba</span> <span class='ocrx_word' id='word_1_50' title='bbox 698 1031 772 1109; x_wconf 86' lang='grc' dir='ltr'>περὶ</span> <span class='ocrx_word' id='word_1_51' title='bbox 797 1031 1035 1111; x_wconf 91' lang='grc' dir='ltr'>χρηστομαθίας</span> <span class='ocrx_word' id='word_1_52' title='bbox 1059 1032 1198 1111; x_wconf 89' lang='grc' dir='ltr'>βιβλίαγ</span> <span class='ocrx_word' id='word_1_53' title='bbox 1221 1049 1365 1116; x_wconf 79' lang='lat' dir='ltr'>premere</span> <span class='ocrx_word' id='word_1_54' title='bbox 1382 1051 1447 1094; x_wconf 91' lang='lat' dir='ltr'>non</span> 
     </span>
     <span class='ocr_line' id='line_1_8' title="bbox 270 1136 1448 1219; baseline -0.003 -14"><span class='ocrx_word' id='word_1_55' title='bbox 270 1138 384 1205; x_wconf 86' lang='lat' dir='ltr'>audeo.</span> <span class='ocrx_word' id='word_1_56' title='bbox 431 1139 481 1203; x_wconf 87' lang='lat' dir='ltr'>De</span> <span class='ocrx_word' id='word_1_57' title='bbox 513 1143 582 1202; x_wconf 85' lang='lat' dir='ltr'>tota</span> <span class='ocrx_word' id='word_1_58' title='bbox 613 1136 675 1202; x_wconf 87' lang='lat' dir='ltr'>hae</span> <span class='ocrx_word' id='word_1_59' title='bbox 711 1136 899 1219; x_wconf 83' lang='lat' dir='ltr'>quaestione</span> <span class='ocrx_word' id='word_1_60' title='bbox 934 1139 1117 1204; x_wconf 79' lang='lat' dir='ltr'>accuratius</span> <span class='ocrx_word' id='word_1_61' title='bbox 1149 1137 1327 1203; x_wconf 87' lang='lat' dir='ltr'>disserendi</span> <span class='ocrx_word' id='word_1_62' title='bbox 1360 1137 1448 1202; x_wconf 82' lang='lat' dir='ltr'>infra</span> 
     </span>
     <span class='ocr_line' id='line_1_9' title="bbox 271 1243 637 1330; baseline -0.014 -18"><span class='ocrx_word' id='word_1_63' title='bbox 271 1247 398 1312; x_wconf 89' lang='lat' dir='ltr'>oeeasio</span> <span class='ocrx_word' id='word_1_64' title='bbox 421 1243 637 1330; x_wconf 80' lang='lat' dir='ltr'>praebebitur.</span> 
     </span>
    </p>

    <p class='ocr_par' dir='ltr' id='par_1_3' title="bbox 269 1351 1446 1763">
     <span class='ocr_line' id='line_1_10' title="bbox 377 1351 1446 1436; baseline -0.003 -18"><span class='ocrx_word' id='word_1_65' title='bbox 377 1352 565 1434; x_wconf 83' lang='lat' dir='ltr'>Priusquam</span> <span class='ocrx_word' id='word_1_66' title='bbox 582 1356 687 1415; x_wconf 86' lang='lat' dir='ltr'>autem</span> <span class='ocrx_word' id='word_1_67' title='bbox 712 1351 773 1435; x_wconf 86' lang='lat' dir='ltr'>ipsi</span> <span class='ocrx_word' id='word_1_68' title='bbox 791 1351 928 1436; x_wconf 88' lang='lat' dir='ltr'>vestigia</span> <span class='ocrx_word' id='word_1_69' title='bbox 951 1372 1036 1419; x_wconf 86' lang='lat' dir='ltr'>nova</span> <span class='ocrx_word' id='word_1_70' title='bbox 1056 1351 1263 1434; x_wconf 86' lang='lat' dir='ltr'>inquiramus,</span> <span class='ocrx_word' id='word_1_71' title='bbox 1288 1371 1305 1416; x_wconf 90' lang='lat' dir='ltr'>e</span> <span class='ocrx_word' id='word_1_72' title='bbox 1322 1371 1357 1416; x_wconf 89' lang='lat' dir='ltr'>re</span> <span class='ocrx_word' id='word_1_73' title='bbox 1373 1370 1446 1416; x_wconf 88' lang='lat' dir='ltr'>esse</span> 
     </span>
     <span class='ocr_line' id='line_1_11' title="bbox 270 1455 1446 1543; baseline -0.007 -14"><span class='ocrx_word' id='word_1_74' title='bbox 270 1462 406 1543; x_wconf 88' lang='lat' dir='ltr'>videtur,</span> <span class='ocrx_word' id='word_1_75' title='bbox 442 1478 524 1542; x_wconf 87' lang='lat' dir='ltr'>quae</span> <span class='ocrx_word' id='word_1_76' title='bbox 553 1455 659 1522; x_wconf 87' lang='lat' dir='ltr'>adhue</span> <span class='ocrx_word' id='word_1_77' title='bbox 683 1457 851 1523; x_wconf 87' lang='lat' dir='ltr'>Proeliana</span> <span class='ocrx_word' id='word_1_78' title='bbox 876 1459 1113 1534; x_wconf 76' lang='lat' dir='ltr'>inventarum,</span> <span class='ocrx_word' id='word_1_79' title='bbox 1146 1477 1346 1543; x_wconf 82' lang='lat' dir='ltr'>componere.</span> <span class='ocrx_word' id='word_1_80' title='bbox 1395 1458 1446 1522; x_wconf 83' lang='lat' dir='ltr'>Ae</span> 
     </span>
     <span class='ocr_line' id='line_1_12' title="bbox 269 1564 1446 1657; baseline -0.007 -21"><span class='ocrx_word' id='word_1_81' title='bbox 269 1573 404 1657; x_wconf 88' lang='lat' dir='ltr'>primum</span> <span class='ocrx_word' id='word_1_82' title='bbox 426 1566 554 1650; x_wconf 89' lang='lat' dir='ltr'>quidem</span> <span class='ocrx_word' id='word_1_83' title='bbox 579 1565 667 1629; x_wconf 85' lang='lat' dir='ltr'>lones</span> <span class='ocrx_word' id='word_1_84' title='bbox 691 1564 843 1647; x_wconf 85' lang='lat' dir='ltr'>singulos,</span> <span class='ocrx_word' id='word_1_85' title='bbox 869 1567 922 1649; x_wconf 92' lang='lat' dir='ltr'>qui</span> <span class='ocrx_word' id='word_1_86' title='bbox 947 1566 1000 1631; x_wconf 89' lang='lat' dir='ltr'>bie</span> <span class='ocrx_word' id='word_1_87' title='bbox 1024 1567 1089 1632; x_wconf 88' lang='lat' dir='ltr'>illie</span> <span class='ocrx_word' id='word_1_88' title='bbox 1112 1568 1144 1632; x_wconf 95' lang='lat' dir='ltr'>in</span> <span class='ocrx_word' id='word_1_89' title='bbox 1169 1566 1300 1632; x_wconf 83' lang='lat' dir='ltr'>scholiis</span> <span class='ocrx_word' id='word_1_90' title='bbox 1322 1565 1446 1630; x_wconf 86' lang='lat' dir='ltr'>servati</span> 
     </span>
     <span class='ocr_line' id='line_1_13' title="bbox 269 1673 580 1763; baseline -0.016 -23"><span class='ocrx_word' id='word_1_91' title='bbox 269 1688 352 1763; x_wconf 91' lang='lat' dir='ltr'>sunt,</span> <span class='ocrx_word' id='word_1_92' title='bbox 377 1673 580 1744; x_wconf 85' lang='lat' dir='ltr'>enumerabo.</span> 
     </span>
    </p>

    <p class='ocr_par' dir='ltr' id='par_1_4' title="bbox 268 1779 1446 2102">
     <span class='ocr_line' id='line_1_14' title="bbox 388 1779 1445 1870; baseline -0.007 -19"><span class='ocrx_word' id='word_1_93' title='bbox 388 1790 415 1851; x_wconf 93' lang='lat'>1.</span> <span class='ocrx_word' id='word_1_94' title='bbox 462 1785 601 1870; x_wconf 86' lang='lat' dir='ltr'>Etymol.</span> <span class='ocrx_word' id='word_1_95' title='bbox 636 1787 743 1869; x_wconf 87' lang='lat' dir='ltr'>Magn.</span> <span class='ocrx_word' id='word_1_96' title='bbox 774 1784 850 1866; x_wconf 77' lang='lat'><strong>327,</strong></span> <span class='ocrx_word' id='word_1_97' title='bbox 875 1784 917 1850; x_wconf 88' lang='lat'>38</span> <span class='ocrx_word' id='word_1_98' title='bbox 938 1805 1007 1867; x_wconf 91' lang='lat' dir='ltr'>sqq.</span> <span class='ocrx_word' id='word_1_99' title='bbox 1041 1805 1070 1849; x_wconf 87' lang='lat' dir='ltr'>v.</span> <span class='ocrx_word' id='word_1_100' title='bbox 1105 1781 1254 1861; x_wconf 78' lang='grc' dir='ltr'>Ἔλεγοςε</span> <span class='ocrx_word' id='word_1_101' title='bbox 1292 1779 1346 1846; x_wconf 85' lang='grc' dir='ltr'>Ἐκ</span> <span class='ocrx_word' id='word_1_102' title='bbox 1384 1784 1445 1845; x_wconf 85' lang='grc' dir='ltr'>τοῦ</span> 
     </span>
     <span class='ocr_line' id='line_1_15' title="bbox 268 1887 1446 1976; baseline -0.007 -16"><span class='ocrx_word' id='word_1_103' title='bbox 268 1897 340 1975; x_wconf 85' lang='grc' dir='ltr'>περὶ</span> <span class='ocrx_word' id='word_1_104' title='bbox 364 1895 602 1975; x_wconf 89' lang='grc' dir='ltr'>χρηστομαθίας</span> <span class='ocrx_word' id='word_1_105' title='bbox 626 1893 793 1972; x_wconf 84' lang='grc' dir='ltr'>Πρόκλου·</span> <span class='ocrx_word' id='word_1_106' title='bbox 825 1891 882 1976; x_wconf 77' lang='lat'>„²0</span> <span class='ocrx_word' id='word_1_107' title='bbox 907 1892 1014 1970; x_wconf 88' lang='grc' dir='ltr'>μέντοι</span> <span class='ocrx_word' id='word_1_108' title='bbox 1038 1891 1148 1970; x_wconf 88' lang='grc' dir='ltr'>ἐπικός</span> <span class='ocrx_word' id='word_1_109' title='bbox 1171 1889 1288 1968; x_wconf 85' lang='grc' dir='ltr'>κύκλος</span> <span class='ocrx_word' id='word_1_110' title='bbox 1313 1887 1446 1968; x_wconf 90' lang='grc' dir='ltr'>ἄρχεται</span> 
     </span>
     <span class='ocr_line' id='line_1_16' title="bbox 268 1989 1446 2102; baseline -0.007 -35"><span class='ocrx_word' id='word_1_111' title='bbox 268 2004 326 2082; x_wconf 85' lang='grc' dir='ltr'>μὲν</span> <span class='ocrx_word' id='word_1_112' title='bbox 349 2002 383 2066; x_wconf 86' lang='grc' dir='ltr'>ἐκ</span> <span class='ocrx_word' id='word_1_113' title='bbox 406 2007 462 2081; x_wconf 86' lang='grc' dir='ltr'>τῆς</span> <span class='ocrx_word' id='word_1_114' title='bbox 489 1989 772 2081; x_wconf 86' lang='grc' dir='ltr'>μυθολογουμένης</span> <span class='ocrx_word' id='word_1_115' title='bbox 802 1999 943 2102; x_wconf 86' lang='grc' dir='ltr'>ούρανοῦ</span> <span class='ocrx_word' id='word_1_116' title='bbox 975 2000 1026 2062; x_wconf 88' lang='grc' dir='ltr'>καὶ</span> <span class='ocrx_word' id='word_1_117' title='bbox 1054 2002 1114 2076; x_wconf 88' lang='grc' dir='ltr'>γῆς</span> <span class='ocrx_word' id='word_1_118' title='bbox 1147 1998 1276 2076; x_wconf 82' lang='grc' dir='ltr'>μίξεως·</span> <span class='ocrx_word' id='word_1_119' title='bbox 1316 1993 1374 2076; x_wconf 83' lang='grc' dir='ltr'>ἀφ’</span> <span class='ocrx_word' id='word_1_120' title='bbox 1403 1996 1446 2076; x_wconf 86' lang='grc' dir='ltr'>ἧς</span> 
     </span>
    </p>
   </div>
   <div class='ocr_carea' id='block_1_3' title="bbox 267 2101 1547 2191">
    <p class='ocr_par' dir='ltr' id='par_1_5' title="bbox 267 2101 1547 2191">
     <span class='ocr_line' id='line_1_17' title="bbox 267 2101 1547 2191; baseline -0.005 -18"><span class='ocrx_word' id='word_1_121' title='bbox 267 2109 546 2188; x_wconf 71' lang='grc' dir='ltr'>Ἐκατοντάχειρες</span> <span class='ocrx_word' id='word_1_122' title='bbox 575 2105 749 2184; x_wconf 74' lang='grc' dir='ltr'>γίνονται.“</span> <span class='ocrx_word' id='word_1_123' title='bbox 791 2107 843 2171; x_wconf 86' lang='grc' dir='ltr'>καὶ</span> <span class='ocrx_word' id='word_1_124' title='bbox 871 2106 942 2185; x_wconf 83' lang='grc' dir='ltr'>ἑξῆς</span> <span class='ocrx_word' id='word_1_125' title='bbox 980 2104 1235 2191; x_wconf 57' lang='grc' dir='ltr'>χΔιαπορεύεται</span> <span class='ocrx_word' id='word_1_126' title='bbox 1271 2105 1307 2168; x_wconf 82' lang='grc' dir='ltr'>δὲ</span> <span class='ocrx_word' id='word_1_127' title='bbox 1340 2104 1380 2168; x_wconf 88' lang='grc' dir='ltr'>τά</span> <span class='ocrx_word' id='word_1_128' title='bbox 1408 2125 1445 2168; x_wconf 95' lang='grc' dir='ltr'>τε</span> <span class='ocrx_word' id='word_1_129' title='bbox 1546 2101 1547 2106; x_wconf 71' lang='grc'>’</span> 
     </span>
    </p>
   </div>
   <div class='ocr_carea' id='block_1_4' title="bbox 268 2210 1446 2835">
    <p class='ocr_par' dir='ltr' id='par_1_6' title="bbox 268 2210 1446 2835">
     <span class='ocr_line' id='line_1_18' title="bbox 269 2210 1445 2295; baseline -0.005 -14"><span class='ocrx_word' id='word_1_130' title='bbox 269 2216 376 2295; x_wconf 87' lang='grc' dir='ltr'>ἄλλως</span> <span class='ocrx_word' id='word_1_131' title='bbox 405 2218 477 2289; x_wconf 89' lang='grc' dir='ltr'>περὶ</span> <span class='ocrx_word' id='word_1_132' title='bbox 505 2221 589 2280; x_wconf 85' lang='grc' dir='ltr'>θεῶν</span> <span class='ocrx_word' id='word_1_133' title='bbox 622 2219 691 2294; x_wconf 84' lang='grc' dir='ltr'>τοῖς</span> <span class='ocrx_word' id='word_1_134' title='bbox 715 2213 851 2292; x_wconf 80' lang='grc' dir='ltr'>Ἕλλησι</span> <span class='ocrx_word' id='word_1_135' title='bbox 880 2212 1143 2292; x_wconf 85' lang='grc' dir='ltr'>μυθολογούμενα</span> <span class='ocrx_word' id='word_1_136' title='bbox 1178 2213 1229 2276; x_wconf 84' lang='grc' dir='ltr'>καὶ</span> <span class='ocrx_word' id='word_1_137' title='bbox 1261 2211 1290 2276; x_wconf 88' lang='grc' dir='ltr'>εί</span> <span class='ocrx_word' id='word_1_138' title='bbox 1319 2210 1382 2276; x_wconf 93' lang='grc' dir='ltr'>πού</span> <span class='ocrx_word' id='word_1_139' title='bbox 1414 2233 1445 2275; x_wconf 91' lang='grc' dir='ltr'>τι</span> 
     </span>
     <span class='ocr_line' id='line_1_19' title="bbox 268 2319 1446 2403; baseline -0.003 -15"><span class='ocrx_word' id='word_1_140' title='bbox 268 2325 320 2388; x_wconf 86' lang='grc' dir='ltr'>καὶ</span> <span class='ocrx_word' id='word_1_141' title='bbox 351 2324 434 2403; x_wconf 91' lang='grc' dir='ltr'>πρὸς</span> <span class='ocrx_word' id='word_1_142' title='bbox 466 2322 612 2402; x_wconf 84' lang='grc' dir='ltr'>ἱστορίαν</span> <span class='ocrx_word' id='word_1_143' title='bbox 641 2321 866 2399; x_wconf 87' lang='grc' dir='ltr'>έξαληθίΖεται.</span> <span class='ocrx_word' id='word_1_144' title='bbox 918 2320 1121 2398; x_wconf 84' lang='grc' dir='ltr'>Περατοῦται</span> <span class='ocrx_word' id='word_1_145' title='bbox 1149 2321 1183 2384; x_wconf 78' lang='grc' dir='ltr'>δὲ</span> <span class='ocrx_word' id='word_1_146' title='bbox 1212 2319 1247 2383; x_wconf 87' lang='grc' dir='ltr'>ἐκ</span> <span class='ocrx_word' id='word_1_147' title='bbox 1274 2319 1446 2399; x_wconf 83' lang='grc' dir='ltr'>διαφόρων</span> 
     </span>
     <span class='ocr_line' id='line_1_20' title="bbox 269 2425 1445 2508; baseline -0.002 -16"><span class='ocrx_word' id='word_1_148' title='bbox 269 2435 411 2508; x_wconf 85' lang='grc' dir='ltr'>ποιητῶν</span> <span class='ocrx_word' id='word_1_149' title='bbox 435 2427 724 2508; x_wconf 91' lang='grc' dir='ltr'>συμπληρούμενος</span> <span class='ocrx_word' id='word_1_150' title='bbox 749 2428 839 2506; x_wconf 90' lang='grc' dir='ltr'>μέχρι</span> <span class='ocrx_word' id='word_1_151' title='bbox 854 2426 1055 2503; x_wconf 82' lang='grc' dir='ltr'>Ὀδυσσέως·</span> <span class='ocrx_word' id='word_1_152' title='bbox 1080 2425 1126 2490; x_wconf 83' lang='grc' dir='ltr'>ὼν</span> <span class='ocrx_word' id='word_1_153' title='bbox 1150 2427 1200 2490; x_wconf 90' lang='grc' dir='ltr'>καί</span> <span class='ocrx_word' id='word_1_154' title='bbox 1224 2425 1368 2503; x_wconf 90' lang='grc' dir='ltr'>ὀνόματα</span> <span class='ocrx_word' id='word_1_155' title='bbox 1391 2427 1445 2490; x_wconf 89' lang='grc' dir='ltr'>καὶ</span> 
     </span>
     <span class='ocr_line' id='line_1_21' title="bbox 269 2531 1443 2616; baseline -0.003 -16"><span class='ocrx_word' id='word_1_156' title='bbox 269 2537 425 2616; x_wconf 79' lang='grc' dir='ltr'>πατρίδας</span> <span class='ocrx_word' id='word_1_157' title='bbox 454 2537 556 2616; x_wconf 89' lang='grc' dir='ltr'>φησίν</span> <span class='ocrx_word' id='word_1_158' title='bbox 584 2535 603 2600; x_wconf 88' lang='grc' dir='ltr'>ὁ</span> <span class='ocrx_word' id='word_1_159' title='bbox 632 2534 740 2613; x_wconf 92' lang='grc' dir='ltr'>αύτός.</span> <span class='ocrx_word' id='word_1_160' title='bbox 788 2531 1032 2600; x_wconf 81' lang='grc' dir='ltr'>Σπουδάζεσθαι</span> <span class='ocrx_word' id='word_1_161' title='bbox 1061 2534 1097 2598; x_wconf 83' lang='grc' dir='ltr'>δὲ</span> <span class='ocrx_word' id='word_1_162' title='bbox 1126 2533 1165 2597; x_wconf 90' lang='grc' dir='ltr'>τὰ</span> <span class='ocrx_word' id='word_1_163' title='bbox 1189 2533 1299 2597; x_wconf 88' lang='grc' dir='ltr'>έπικοῡ</span> <span class='ocrx_word' id='word_1_164' title='bbox 1324 2532 1443 2597; x_wconf 86' lang='grc' dir='ltr'>κύκλου</span> 
     </span>
     <span class='ocr_line' id='line_1_22' title="bbox 268 2639 1444 2723; baseline -0.003 -16"><span class='ocrx_word' id='word_1_165' title='bbox 268 2644 429 2723; x_wconf 86' lang='grc' dir='ltr'>ποιήματα</span> <span class='ocrx_word' id='word_1_166' title='bbox 459 2642 520 2722; x_wconf 91' lang='grc' dir='ltr'>ούχ</span> <span class='ocrx_word' id='word_1_167' title='bbox 549 2641 634 2706; x_wconf 87' lang='grc' dir='ltr'>οὕτω</span> <span class='ocrx_word' id='word_1_168' title='bbox 667 2643 719 2706; x_wconf 82' lang='grc' dir='ltr'>διὰ</span> <span class='ocrx_word' id='word_1_169' title='bbox 752 2644 811 2721; x_wconf 87' lang='grc' dir='ltr'>τὴν</span> <span class='ocrx_word' id='word_1_170' title='bbox 844 2641 960 2720; x_wconf 89' lang='grc' dir='ltr'>ἀρετὴν</span> <span class='ocrx_word' id='word_1_171' title='bbox 993 2641 1039 2719; x_wconf 85' lang='grc' dir='ltr'>ὡς</span> <span class='ocrx_word' id='word_1_172' title='bbox 1072 2641 1124 2705; x_wconf 82' lang='grc' dir='ltr'>διὰ</span> <span class='ocrx_word' id='word_1_173' title='bbox 1156 2641 1214 2719; x_wconf 81' lang='grc' dir='ltr'>τὴν</span> <span class='ocrx_word' id='word_1_174' title='bbox 1247 2639 1444 2705; x_wconf 84' lang='grc' dir='ltr'>ἀκολουθίαν</span> 
     </span>
     <span class='ocr_line' id='line_1_23' title="bbox 268 2749 1444 2835; baseline 0.001 -21"><span class='ocrx_word' id='word_1_175' title='bbox 268 2753 334 2816; x_wconf 88' lang='grc' dir='ltr'>τῶν</span> <span class='ocrx_word' id='word_1_176' title='bbox 358 2750 393 2814; x_wconf 87' lang='grc' dir='ltr'>ἐν</span> <span class='ocrx_word' id='word_1_177' title='bbox 418 2750 504 2835; x_wconf 83' lang='grc' dir='ltr'>αύτῷ</span> <span class='ocrx_word' id='word_1_178' title='bbox 529 2749 734 2828; x_wconf 87' lang='grc' dir='ltr'>πραγμάτων.</span> <span class='ocrx_word' id='word_1_179' title='bbox 782 2749 848 2827; x_wconf 86' lang='grc' dir='ltr'>Τὴν</span> <span class='ocrx_word' id='word_1_180' title='bbox 879 2750 914 2812; x_wconf 81' lang='grc' dir='ltr'>δὲ</span> <span class='ocrx_word' id='word_1_181' title='bbox 943 2749 1086 2824; x_wconf 86' lang='grc' dir='ltr'>ἐλεγείαν</span> <span class='ocrx_word' id='word_1_182' title='bbox 1116 2752 1303 2825; x_wconf 88' lang='grc' dir='ltr'>συγκεῖσθαι</span> <span class='ocrx_word' id='word_1_183' title='bbox 1328 2750 1385 2826; x_wconf 87' lang='grc' dir='ltr'>μὲν</span> <span class='ocrx_word' id='word_1_184' title='bbox 1409 2749 1444 2816; x_wconf 91' lang='grc' dir='ltr'>έξ</span> 
     </span>
    </p>
   </div>
   <div class='ocr_carea' id='block_1_5' title="bbox 268 2854 1545 2942">
    <p class='ocr_par' dir='ltr' id='par_1_7' title="bbox 268 2854 1545 2942">
     <span class='ocr_line' id='line_1_24' title="bbox 268 2854 1545 2942; baseline -0.002 -21"><span class='ocrx_word' id='word_1_185' title='bbox 268 2857 377 2942; x_wconf 82' lang='grc' dir='ltr'>ἡρῴου</span> <span class='ocrx_word' id='word_1_186' title='bbox 402 2858 453 2921; x_wconf 84' lang='grc' dir='ltr'>καὶ</span> <span class='ocrx_word' id='word_1_187' title='bbox 477 2857 695 2937; x_wconf 81' lang='grc' dir='ltr'>πενταμέτρου</span> <span class='ocrx_word' id='word_1_188' title='bbox 720 2857 849 2935; x_wconf 90' lang='grc' dir='ltr'>στίχου·</span> <span class='ocrx_word' id='word_1_189' title='bbox 875 2854 1025 2935; x_wconf 81' lang='grc' dir='ltr'>ἁρμόζειν</span> <span class='ocrx_word' id='word_1_190' title='bbox 1049 2856 1085 2919; x_wconf 82' lang='grc' dir='ltr'>δὲ</span> <span class='ocrx_word' id='word_1_191' title='bbox 1102 2859 1171 2934; x_wconf 86' lang='grc' dir='ltr'>τοῖς</span> <span class='ocrx_word' id='word_1_192' title='bbox 1188 2856 1442 2934; x_wconf 86' lang='grc' dir='ltr'>κατοιχομένοις·</span> <span class='ocrx_word' id='word_1_193' title='bbox 1544 2883 1545 2910; x_wconf 72' lang='grc' dir='ltr'>ι</span> 
     </span>
    </p>
   </div>
   <div class='ocr_carea' id='block_1_6' title="bbox 267 2961 1443 3154">
    <p class='ocr_par' dir='ltr' id='par_1_8' title="bbox 267 2961 1443 3154">
     <span class='ocr_line' id='line_1_25' title="bbox 269 2961 1443 3043; baseline -0.001 -15"><span class='ocrx_word' id='word_1_194' title='bbox 269 2965 319 3028; x_wconf 91' lang='grc' dir='ltr'>καί</span> <span class='ocrx_word' id='word_1_195' title='bbox 336 2962 539 3040; x_wconf 84' lang='grc' dir='ltr'>εὐλογεῖσθαι</span> <span class='ocrx_word' id='word_1_196' title='bbox 564 2965 622 3043; x_wconf 84' lang='grc' dir='ltr'>μέν</span> <span class='ocrx_word' id='word_1_197' title='bbox 639 2961 693 3028; x_wconf 86' lang='grc' dir='ltr'>ὑπ’</span> <span class='ocrx_word' id='word_1_198' title='bbox 711 2963 810 3027; x_wconf 83' lang='grc' dir='ltr'>αὐτοῦ</span> <span class='ocrx_word' id='word_1_199' title='bbox 827 2963 978 3043; x_wconf 87' lang='grc' dir='ltr'>τούτους·</span> <span class='ocrx_word' id='word_1_200' title='bbox 1003 2963 1033 3027; x_wconf 85' lang='grc' dir='ltr'>οἱ</span> <span class='ocrx_word' id='word_1_201' title='bbox 1054 2963 1161 3042; x_wconf 88' lang='grc' dir='ltr'>μέντοι</span> <span class='ocrx_word' id='word_1_202' title='bbox 1181 2963 1443 3042; x_wconf 89' lang='grc' dir='ltr'>μεταγενέστεροι</span> 
     </span>
     <span class='ocr_line' id='line_1_26' title="bbox 267 3069 1442 3154; baseline -0.001 -20"><span class='ocrx_word' id='word_1_203' title='bbox 267 3070 318 3134; x_wconf 83' lang='grc' dir='ltr'>ἐπί</span> <span class='ocrx_word' id='word_1_204' title='bbox 342 3071 514 3149; x_wconf 82' lang='grc' dir='ltr'>διαφόροις</span> <span class='ocrx_word' id='word_1_205' title='bbox 539 3070 736 3134; x_wconf 85' lang='grc' dir='ltr'>ὑποθέσεσιν</span> <span class='ocrx_word' id='word_1_206' title='bbox 760 3070 847 3154; x_wconf 82' lang='grc' dir='ltr'>αύτῷ</span> <span class='ocrx_word' id='word_1_207' title='bbox 871 3069 1108 3150; x_wconf 86' lang='grc' dir='ltr'>ἀπεχρήσαντο.</span> <span class='ocrx_word' id='word_1_208' title='bbox 1146 3071 1191 3135; x_wconf 86' lang='grc' dir='ltr'>Τὸ</span> <span class='ocrx_word' id='word_1_209' title='bbox 1209 3072 1243 3134; x_wconf 82' lang='grc' dir='ltr'>δὲ</span> <span class='ocrx_word' id='word_1_210' title='bbox 1260 3069 1340 3148; x_wconf 80' lang='grc' dir='ltr'>ἔπος</span> <span class='ocrx_word' id='word_1_211' title='bbox 1356 3073 1442 3148; x_wconf 87' lang='grc' dir='ltr'>πρῶ-</span> 
     </span>
    </p>
   </div>
   <div class='ocr_carea' id='block_1_7' title="bbox 266 3177 1544 3258">
    <p class='ocr_par' dir='ltr' id='par_1_9' title="bbox 266 3177 1544 3258">
     <span class='ocr_line' id='line_1_27' title="bbox 266 3177 1544 3258; baseline -0.006 -16"><span class='ocrx_word' id='word_1_212' title='bbox 266 3198 324 3243; x_wconf 93' lang='grc' dir='ltr'>τον</span> <span class='ocrx_word' id='word_1_213' title='bbox 357 3179 414 3257; x_wconf 86' lang='grc' dir='ltr'>μέν</span> <span class='ocrx_word' id='word_1_214' title='bbox 447 3178 565 3258; x_wconf 82' lang='grc' dir='ltr'>ἐφεῦρε</span> <span class='ocrx_word' id='word_1_215' title='bbox 596 3177 747 3257; x_wconf 90' lang='grc' dir='ltr'>Φημονόη</span> <span class='ocrx_word' id='word_1_216' title='bbox 783 3179 802 3255; x_wconf 89' lang='grc' dir='ltr'>ἡ</span> <span class='ocrx_word' id='word_1_217' title='bbox 831 3178 1037 3257; x_wconf 89' lang='grc' dir='ltr'>Ἀπόλλωνος</span> <span class='ocrx_word' id='word_1_218' title='bbox 1065 3182 1227 3258; x_wconf 86' lang='grc' dir='ltr'>προφῆτις</span> <span class='ocrx_word' id='word_1_219' title='bbox 1257 3177 1443 3258; x_wconf 85' lang='grc' dir='ltr'>ἑξαμέτροις</span> <span class='ocrx_word' id='word_1_220' title='bbox 1543 3189 1544 3234; x_wconf 88' lang='grc' dir='ltr'>ι</span> 
     </span>
    </p>
   </div>
   <div class='ocr_carea' id='block_1_8' title="bbox 263 3282 1442 4550">
    <p class='ocr_par' dir='ltr' id='par_1_10' title="bbox 265 3282 1442 3899">
     <span class='ocr_line' id='line_1_28' title="bbox 267 3282 1442 3368; baseline -0.002 -19"><span class='ocrx_word' id='word_1_221' title='bbox 267 3288 424 3365; x_wconf 85' lang='grc' dir='ltr'>χρησμοῖς</span> <span class='ocrx_word' id='word_1_222' title='bbox 455 3283 693 3368; x_wconf 87' lang='grc' dir='ltr'>&lt;χρησαμένη&gt;.</span> <span class='ocrx_word' id='word_1_223' title='bbox 741 3283 798 3361; x_wconf 85' lang='grc' dir='ltr'>Οίς</span> <span class='ocrx_word' id='word_1_224' title='bbox 834 3285 902 3349; x_wconf 87' lang='grc' dir='ltr'>ἐπεὶ</span> <span class='ocrx_word' id='word_1_225' title='bbox 934 3286 973 3349; x_wconf 88' lang='grc' dir='ltr'>τὰ</span> <span class='ocrx_word' id='word_1_226' title='bbox 1006 3285 1176 3364; x_wconf 90' lang='grc' dir='ltr'>πράγματα</span> <span class='ocrx_word' id='word_1_227' title='bbox 1208 3284 1326 3365; x_wconf 84' lang='grc' dir='ltr'>εἵπετο,</span> <span class='ocrx_word' id='word_1_228' title='bbox 1361 3282 1442 3362; x_wconf 85' lang='grc' dir='ltr'>ἔπος</span> 
     </span>
     <span class='ocr_line' id='line_1_29' title="bbox 266 3391 1442 3472; baseline -0.001 -16"><span class='ocrx_word' id='word_1_229' title='bbox 266 3393 304 3456; x_wconf 87' lang='grc' dir='ltr'>τό</span> <span class='ocrx_word' id='word_1_230' title='bbox 337 3392 371 3456; x_wconf 87' lang='grc' dir='ltr'>ἐκ</span> <span class='ocrx_word' id='word_1_231' title='bbox 401 3392 524 3472; x_wconf 89' lang='grc' dir='ltr'>μέτρων</span> <span class='ocrx_word' id='word_1_232' title='bbox 557 3392 718 3456; x_wconf 85' lang='grc' dir='ltr'>ἐκαλεῖτο·</span> <span class='ocrx_word' id='word_1_233' title='bbox 755 3392 858 3469; x_wconf 23' lang='grc' dir='ltr'>ἢγδιὰ</span> <span class='ocrx_word' id='word_1_234' title='bbox 886 3393 944 3469; x_wconf 85' lang='grc' dir='ltr'>τὴν</span> <span class='ocrx_word' id='word_1_235' title='bbox 975 3394 1174 3470; x_wconf 82' lang='grc' dir='ltr'>κατασκευὴν</span> <span class='ocrx_word' id='word_1_236' title='bbox 1203 3393 1253 3456; x_wconf 91' lang='grc' dir='ltr'>καὶ</span> <span class='ocrx_word' id='word_1_237' title='bbox 1277 3393 1334 3468; x_wconf 84' lang='grc' dir='ltr'>τήν</span> <span class='ocrx_word' id='word_1_238' title='bbox 1359 3391 1442 3466; x_wconf 85' lang='grc' dir='ltr'>ἄγαν</span> 
     </span>
     <span class='ocr_line' id='line_1_30' title="bbox 267 3493 1442 3579; baseline -0.003 -15"><span class='ocrx_word' id='word_1_239' title='bbox 267 3493 429 3579; x_wconf 80' lang='grc' dir='ltr'>ὑπεροχὴν</span> <span class='ocrx_word' id='word_1_240' title='bbox 452 3500 510 3576; x_wconf 83' lang='grc' dir='ltr'>τὴν</span> <span class='ocrx_word' id='word_1_241' title='bbox 534 3499 661 3576; x_wconf 82' lang='grc' dir='ltr'>ἐντοῖς</span> <span class='ocrx_word' id='word_1_242' title='bbox 686 3498 869 3578; x_wconf 83' lang='grc' dir='ltr'>ἑξαμέτροις</span> <span class='ocrx_word' id='word_1_243' title='bbox 893 3500 1117 3578; x_wconf 88' lang='grc' dir='ltr'>θεωρουμένην</span> <span class='ocrx_word' id='word_1_244' title='bbox 1140 3500 1178 3564; x_wconf 90' lang='grc' dir='ltr'><strong>τό</strong></span> <span class='ocrx_word' id='word_1_245' title='bbox 1201 3500 1310 3563; x_wconf 89' lang='grc' dir='ltr'>κοινὸν</span> <span class='ocrx_word' id='word_1_246' title='bbox 1338 3497 1442 3576; x_wconf 87' lang='grc' dir='ltr'>ὄνομα</span> 
     </span>
     <span class='ocr_line' id='line_1_31' title="bbox 266 3605 1442 3685; baseline -0.001 -16"><span class='ocrx_word' id='word_1_247' title='bbox 266 3605 389 3683; x_wconf 86' lang='grc' dir='ltr'>παντὸς</span> <span class='ocrx_word' id='word_1_248' title='bbox 426 3606 524 3682; x_wconf 91' lang='grc' dir='ltr'>λόγου</span> <span class='ocrx_word' id='word_1_249' title='bbox 556 3606 594 3670; x_wconf 89' lang='grc' dir='ltr'>τὸ</span> <span class='ocrx_word' id='word_1_250' title='bbox 627 3605 800 3685; x_wconf 84' lang='grc' dir='ltr'>ἑξάμετρον</span> <span class='ocrx_word' id='word_1_251' title='bbox 833 3605 1000 3670; x_wconf 86' lang='grc' dir='ltr'>ἰδιώσατο·</span> <span class='ocrx_word' id='word_1_252' title='bbox 1034 3607 1177 3685; x_wconf 88' lang='grc' dir='ltr'>καθάπερ</span> <span class='ocrx_word' id='word_1_253' title='bbox 1206 3605 1350 3685; x_wconf 88' lang='grc' dir='ltr'>Ὅμηρον</span> <span class='ocrx_word' id='word_1_254' title='bbox 1382 3605 1442 3669; x_wconf 89' lang='grc' dir='ltr'>τόν</span> 
     </span>
     <span class='ocr_line' id='line_1_32' title="bbox 265 3711 1440 3794; baseline 0.001 -19"><span class='ocrx_word' id='word_1_255' title='bbox 265 3713 402 3790; x_wconf 85' lang='grc' dir='ltr'>ποιητὴν</span> <span class='ocrx_word' id='word_1_256' title='bbox 425 3713 476 3776; x_wconf 89' lang='grc' dir='ltr'>καὶ</span> <span class='ocrx_word' id='word_1_257' title='bbox 500 3713 715 3793; x_wconf 89' lang='grc' dir='ltr'>Δημοσθένην</span> <span class='ocrx_word' id='word_1_258' title='bbox 739 3714 797 3778; x_wconf 88' lang='grc' dir='ltr'>τόν</span> <span class='ocrx_word' id='word_1_259' title='bbox 821 3713 955 3792; x_wconf 81' lang='grc' dir='ltr'>ῥήτορα·</span> <span class='ocrx_word' id='word_1_260' title='bbox 981 3714 1049 3778; x_wconf 84' lang='grc' dir='ltr'>ἐπεὶ</span> <span class='ocrx_word' id='word_1_261' title='bbox 1072 3716 1123 3779; x_wconf 87' lang='grc' dir='ltr'>καὶ</span> <span class='ocrx_word' id='word_1_262' title='bbox 1147 3715 1186 3779; x_wconf 88' lang='grc' dir='ltr'>τὰ</span> <span class='ocrx_word' id='word_1_263' title='bbox 1209 3715 1358 3794; x_wconf 89' lang='grc' dir='ltr'>τρίμετρα</span> <span class='ocrx_word' id='word_1_264' title='bbox 1379 3711 1440 3790; x_wconf 83' lang='grc' dir='ltr'>ἔπη</span> 
     </span>
     <span class='ocr_line' id='line_1_33' title="bbox 265 3818 548 3899; baseline 0 -15"><span class='ocrx_word' id='word_1_265' title='bbox 265 3818 548 3899; x_wconf 91' lang='grc' dir='ltr'>προσηγόρευσαν.</span> 
     </span>
    </p>

    <p class='ocr_par' dir='ltr' id='par_1_11' title="bbox 263 3915 1441 4550">
     <span class='ocr_line' id='line_1_34' title="bbox 372 3915 1441 4013; baseline -0.001 -21"><span class='ocrx_word' id='word_1_266' title='bbox 372 3927 403 3992; x_wconf 83' lang='lat'>2.</span> <span class='ocrx_word' id='word_1_267' title='bbox 440 3925 604 3992; x_wconf 81' lang='lat' dir='ltr'>Scholium</span> <span class='ocrx_word' id='word_1_268' title='bbox 621 3927 654 3991; x_wconf 94' lang='lat' dir='ltr'>in</span> <span class='ocrx_word' id='word_1_269' title='bbox 667 3926 840 3993; x_wconf 80' lang='lat' dir='ltr'>Clementis</span> <span class='ocrx_word' id='word_1_270' title='bbox 854 3927 1064 3994; x_wconf 85' lang='lat' dir='ltr'>Alexandrini</span> <span class='ocrx_word' id='word_1_271' title='bbox 1077 3929 1311 4013; x_wconf 88' lang='lat' dir='ltr'>Protreptieum</span> <span class='ocrx_word' id='word_1_272' title='bbox 1331 3915 1382 4010; x_wconf 71' lang='grc' dir='ltr'>1οζ</span> <span class='ocrx_word' id='word_1_273' title='bbox 1401 3930 1441 3992; x_wconf 88' lang='grc'>10</span> 
     </span>
     <span class='ocr_line' id='line_1_35' title="bbox 263 4032 1440 4121; baseline 0.002 -23"><span class='ocrx_word' id='word_1_274' title='bbox 263 4036 307 4118; x_wconf 86' lang='lat' dir='ltr'>(p.</span> <span class='ocrx_word' id='word_1_275' title='bbox 325 4033 449 4116; x_wconf 81' lang='lat' dir='ltr'>298sq.</span> <span class='ocrx_word' id='word_1_276' title='bbox 473 4032 642 4115; x_wconf 79' lang='lat' dir='ltr'>Staeblin),</span> <span class='ocrx_word' id='word_1_277' title='bbox 666 4032 707 4099; x_wconf 85' lang='lat' dir='ltr'>de</span> <span class='ocrx_word' id='word_1_278' title='bbox 732 4053 794 4116; x_wconf 91' lang='lat' dir='ltr'>quo</span> <span class='ocrx_word' id='word_1_279' title='bbox 817 4034 881 4100; x_wconf 90' lang='lat' dir='ltr'>iam</span> <span class='ocrx_word' id='word_1_280' title='bbox 899 4034 1061 4101; x_wconf 89' lang='lat' dir='ltr'>Prellerus</span> <span class='ocrx_word' id='word_1_281' title='bbox 1084 4037 1104 4100; x_wconf 97' lang='lat' dir='ltr'>l.</span> <span class='ocrx_word' id='word_1_282' title='bbox 1123 4036 1143 4100; x_wconf 92' lang='lat' dir='ltr'>l.</span> <span class='ocrx_word' id='word_1_283' title='bbox 1169 4056 1200 4121; x_wconf 93' lang='lat' dir='ltr'>p.</span> <span class='ocrx_word' id='word_1_284' title='bbox 1220 4036 1282 4100; x_wconf 84' lang='lat'>118</span> <span class='ocrx_word' id='word_1_285' title='bbox 1306 4035 1440 4101; x_wconf 89' lang='lat' dir='ltr'>monuit.</span> 
     </span>
     <span class='ocr_line' id='line_1_36' title="bbox 266 4125 1439 4226; baseline 0.001 -21"><span class='ocrx_word' id='word_1_286' title='bbox 266 4138 358 4218; x_wconf 85' lang='lat' dir='ltr'>Quod</span> <span class='ocrx_word' id='word_1_287' title='bbox 382 4125 538 4207; x_wconf 84' lang='lat' dir='ltr'>scholium</span> <span class='ocrx_word' id='word_1_288' title='bbox 563 4146 653 4206; x_wconf 87' lang='lat' dir='ltr'>extat</span> <span class='ocrx_word' id='word_1_289' title='bbox 676 4139 708 4204; x_wconf 92' lang='lat' dir='ltr'>in</span> <span class='ocrx_word' id='word_1_290' title='bbox 732 4140 843 4207; x_wconf 82' lang='lat' dir='ltr'>codiee</span> <span class='ocrx_word' id='word_1_291' title='bbox 857 4142 1001 4208; x_wconf 91' lang='lat' dir='ltr'>Parisino</span> <span class='ocrx_word' id='word_1_292' title='bbox 1017 4144 1094 4224; x_wconf 81' lang='lat'><strong>451,</strong></span> <span class='ocrx_word' id='word_1_293' title='bbox 1119 4163 1212 4226; x_wconf 90' lang='lat' dir='ltr'>quem</span> <span class='ocrx_word' id='word_1_294' title='bbox 1237 4142 1439 4208; x_wconf 83' lang='lat' dir='ltr'>scribendum</span> 
     </span>
     <span class='ocr_line' id='line_1_37' title="bbox 266 4247 1441 4335; baseline 0.003 -24"><span class='ocrx_word' id='word_1_295' title='bbox 266 4248 390 4312; x_wconf 81' lang='lat' dir='ltr'>curavit</span> <span class='ocrx_word' id='word_1_296' title='bbox 414 4248 562 4330; x_wconf 86' lang='lat' dir='ltr'>Arethas,</span> <span class='ocrx_word' id='word_1_297' title='bbox 600 4255 632 4313; x_wconf 90' lang='lat' dir='ltr'>et</span> <span class='ocrx_word' id='word_1_298' title='bbox 656 4247 797 4312; x_wconf 86' lang='lat' dir='ltr'>eiusdem</span> <span class='ocrx_word' id='word_1_299' title='bbox 821 4268 919 4313; x_wconf 89' lang='lat' dir='ltr'>manu</span> <span class='ocrx_word' id='word_1_300' title='bbox 944 4251 976 4313; x_wconf 90' lang='lat' dir='ltr'>in</span> <span class='ocrx_word' id='word_1_301' title='bbox 1001 4251 1145 4334; x_wconf 86' lang='lat' dir='ltr'>margine</span> <span class='ocrx_word' id='word_1_302' title='bbox 1169 4251 1366 4335; x_wconf 77' lang='lat' dir='ltr'>adscriptum</span> <span class='ocrx_word' id='word_1_303' title='bbox 1391 4259 1441 4316; x_wconf 86' lang='lat' dir='ltr'>est</span> 
     </span>
     <span class='ocr_line' id='line_1_38' title="bbox 265 4353 1439 4441; baseline 0.002 -20"><span class='ocrx_word' id='word_1_304' title='bbox 265 4353 444 4421; x_wconf 84' lang='lat' dir='ltr'>Staehlinio</span> <span class='ocrx_word' id='word_1_305' title='bbox 461 4363 553 4421; x_wconf 87' lang='lat' dir='ltr'>teste.</span> <span class='ocrx_word' id='word_1_306' title='bbox 581 4354 621 4420; x_wconf 86' lang='lat' dir='ltr'>ef.</span> <span class='ocrx_word' id='word_1_307' title='bbox 633 4354 789 4438; x_wconf 85' lang='lat' dir='ltr'>Staehlin‚</span> <span class='ocrx_word' id='word_1_308' title='bbox 815 4356 1103 4441; x_wconf 83' lang='lat' dir='ltr'>Untersunbungen</span> <span class='ocrx_word' id='word_1_309' title='bbox 1125 4360 1204 4424; x_wconf 82' lang='lat' dir='ltr'>uber</span> <span class='ocrx_word' id='word_1_310' title='bbox 1221 4359 1274 4424; x_wconf 90' lang='lat' dir='ltr'>die</span> <span class='ocrx_word' id='word_1_311' title='bbox 1287 4358 1439 4424; x_wconf 86' lang='lat' dir='ltr'>Scholien</span> 
     </span>
     <span class='ocr_line' id='line_1_39' title="bbox 265 4461 1439 4550; baseline 0.005 -24"><span class='ocrx_word' id='word_1_312' title='bbox 265 4481 304 4526; x_wconf 88' lang='lat' dir='ltr'>nu</span> <span class='ocrx_word' id='word_1_313' title='bbox 328 4461 474 4528; x_wconf 77' lang='lat' dir='ltr'>Clemens</span> <span class='ocrx_word' id='word_1_314' title='bbox 491 4461 738 4546; x_wconf 86' lang='lat' dir='ltr'>Alexandrinus,</span> <span class='ocrx_word' id='word_1_315' title='bbox 764 4464 874 4546; x_wconf 83' lang='lat' dir='ltr'>Progr.</span> <span class='ocrx_word' id='word_1_316' title='bbox 900 4465 1041 4532; x_wconf 90' lang='lat' dir='ltr'>Norimb.</span> <span class='ocrx_word' id='word_1_317' title='bbox 1071 4466 1153 4531; x_wconf 77' lang='lat'>1897</span> <span class='ocrx_word' id='word_1_318' title='bbox 1180 4487 1211 4550; x_wconf 87' lang='lat' dir='ltr'>p.</span> <span class='ocrx_word' id='word_1_319' title='bbox 1232 4466 1282 4530; x_wconf 90' lang='grc'>19.</span> <span class='ocrx_word' id='word_1_320' title='bbox 1323 4466 1439 4532; x_wconf 89' lang='lat' dir='ltr'>Varias</span> 
     </span>
    </p>
   </div>
   <div class='ocr_carea' id='block_1_9' title="bbox 0 0 1564 5044">
    <p class='ocr_par' dir='ltr' id='par_1_12' title="bbox 0 0 1564 5044">
     <span class='ocr_line' id='line_1_40' title="bbox 0 0 1564 5044; baseline 0 1"><span class='ocrx_word' id='word_1_321' title='bbox 0 0 1564 5044; x_wconf 95' lang='lat' dir='ltr'> </span> 
     </span>
    </p>
   </div>
  </div>
 </body>
</html>
