3118 5044
736 309 912 362 ,44-

241 489 372 552 tentiam
399 490 489 570 sequi
514 509 691 574 possumus.
738 492 820 558 Nam
844 492 980 575 primum
1008 491 1137 573 quidem
1160 512 1223 556 non
1245 491 1413 573 intellego,

241 615 298 661 cur
322 596 509 662 Hellanicus
531 598 563 660 in
593 617 746 662 canonem
779 598 1013 680 conquadret.
1059 599 1168 662 Etiam
1191 598 1414 680 Hermogenes

108 725 112 732 ·
240 703 261 767 l.
278 704 299 768 l.
317 725 347 788 p.
363 705 430 768 400
455 704 655 768 Hellanieum
679 725 743 770 nna
766 725 837 770 cum
863 705 1083 790 Theopompo,
1108 705 1249 790 Ephoro,
1273 705 1413 769 Philisto

241 817 396 875 numerat.
443 810 568 876 Deinde
593 819 771 895 postquam,
803 820 939 894 quantas
963 820 1071 897 partes
1094 815 1167 892 περὶ
1190 814 1355 892 μιμήσεως
1378 821 1415 877 et

241 919 378 996 κρίσεως
411 916 601 1003 disciplinae
634 919 721 1004 apud
746 920 893 984 Proclum
926 922 1052 1004 egerint
1081 919 1229 1000 vidimus,
1264 927 1414 1004 apparet,

242 1046 298 1090 cur
324 1025 413 1091 illum
446 1027 644 1110 potissimum
678 1027 783 1092 locum
808 1028 994 1094 Hellanicus
1026 1030 1059 1092 in
1091 1048 1215 1093 canone
1247 1027 1413 1094 obtineat:

244 1131 428 1196 Hellanicus
452 1139 484 1196 et
506 1131 671 1217 Polybius,
695 1135 760 1216 qui,
793 1135 819 1198 si
843 1132 1068 1198 adscribendi
1092 1136 1249 1198 rationem
1272 1142 1416 1218 spectas,

242 1239 371 1302 minime
393 1238 541 1323 exemplo
565 1260 637 1305 esse
660 1242 794 1324 possint,
817 1242 850 1304 iu
866 1241 934 1305 fine
950 1243 1082 1307 canonis
1097 1241 1194 1326 positi
1210 1248 1293 1308 snut.
1323 1241 1415 1319 Quae

243 1345 413 1412 ordinandi
445 1347 528 1412 ratio
557 1349 591 1411 in
624 1355 691 1413 toto
722 1369 845 1414 canone
868 1350 955 1413 valet
987 1350 1097 1428 (etiam
1120 1350 1154 1413 in
1177 1356 1339 1414 oratorum
1363 1369 1417 1414 ea·

244 1475 335 1534 none,
360 1454 403 1520 ci.
426 1454 604 1519 Usenerum
627 1456 648 1519 ί.
665 1456 686 1519 l.
703 1476 735 1539 p.
755 1457 841 1536 132).
876 1455 1062 1536 Audiamus,
1086 1476 1170 1538 quae
1193 1456 1417 1540 Hermogenes

244 1563 323 1628 dicit
346 1585 377 1647 p.
394 1564 478 1627 400:
509 1564 590 1642 Περὶ
618 1565 654 1628 δὲ
677 1565 874 1642 θεοπόμπου
902 1566 953 1628 καὶ
981 1563 1123 1643 Ἐφόρου
1152 1566 1203 1628 καὶ
1225 1563 1416 1628 Ἑλλανίκου

243 1673 295 1734 καὶ
310 1671 465 1736 Φιλίστου
488 1673 539 1735 καὶ
563 1677 630 1735 τῶν
653 1671 775 1749 ὁμοίων
796 1670 925 1750 τούτοις
949 1673 1099 1749 περιττόν
1121 1670 1232 1736 ἔδοξεν
1255 1669 1337 1735 είναί
1362 1693 1417 1750 μοι

243 1777 389 1857 γράφειν,
412 1779 551 1856 μάλιστα
574 1780 631 1856 μὲν
645 1826 743 1841 .....
763 1779 846 1857 πρὸς
870 1779 906 1841 δὲ
921 1778 1028 1861 τούτῳ
1051 1779 1102 1841 καὶ
1125 1777 1187 1841 ότι
1211 1779 1329 1855 ζήλου
1354 1781 1417 1842 καὶ

245 1886 442 1965 μιμήσεως
465 1886 511 1948 τὰ
541 1885 624 1963 είδη
649 1889 725 1950 τῶν
748 1886 877 1961 λόγων
900 1886 1030 1950 αὐτῶν
1053 1885 1098 1949 οὐ
1122 1885 1224 1949 πάνυ
1247 1907 1293 1961 τι,
1327 1889 1417 1962 μᾶλ-

245 1999 315 2058 λον
338 1995 378 2057 δὲ
402 1993 483 2056 οὐδ’
507 1993 621 2072 ὅλως,
645 1993 718 2057 ὅσα
734 2014 776 2069 γε
797 1993 864 2071 ἐμὲ
887 1994 1109 2075 γινώσκειν,
1132 1994 1291 2071 ἠξίωται
1315 1994 1416 2072 παρὰ

244 2105 329 2179 τοῖς
354 2099 528 2182 Ἕλλησι,
552 2101 730 2179 καθάπερ
753 2101 797 2164 τὰ
819 2104 894 2165 τῶν
918 2100 1062 2182 ἄλλων,
1099 2100 1170 2166 οἷον
1203 2101 1415 2182 θουκυδίδου,

244 2210 431 2291 Ἡροδότου,
454 2207 632 2285 Ἑκαταίου,
656 2209 886 2290 Ξενοφῶντος,
915 2214 982 2272 τῶν
1006 2213 1138 2273 λοιπῶν.
1175 2209 1286 2291 Neque
1309 2209 1416 2290 negle-

245 2316 384 2404 gendum
415 2325 473 2396 est,
509 2335 571 2398 quo
595 2315 707 2380 ordine
729 2317 761 2379 in
786 2316 921 2400 Dionys.
945 2316 986 2380 H.
1010 2316 1083 2380 lihri
1107 2316 1239 2380 alterius
1262 2316 1414 2400 epitoma,

245 2448 267 2491 a
289 2423 496 2503 Quintiliano,
520 2443 540 2486 a
564 2421 668 2485 Dione
693 2421 923 2506 Chrysostomo
947 2421 1090 2486 historici
1113 2420 1346 2487 describantur.

320 2547 326 2558 ·
353 2527 484 2611 Aliquid
508 2527 589 2592 lucis
616 2547 700 2592 nune
727 2527 865 2592 fortasse
894 2528 972 2593 ferri
1000 2533 1109 2611 potest
1135 2529 1169 2591 in
1192 2527 1297 2592 locum
1320 2548 1416 2610 quen·

246 2639 332 2719 darn,
368 2636 421 2718 qui
451 2634 484 2697 in
512 2632 642 2698 scholiis
672 2631 931 2698 Londinensihus
959 2640 1050 2697 extat
1078 2655 1111 2717 p.
1134 2634 1211 2708 451,
1228 2633 1248 2696 3
1265 2652 1335 2716 sqq.
1360 2636 1414 2700 H.:

247 2745 419 2824 Σόνταγμό
441 2744 511 2808 έστι
534 2744 618 2820 λέξις
640 2742 691 2806 διὰ
708 2742 832 2820 μέτρων
848 2746 995 2821 κολοβῶν
1010 2743 1062 2806 ἐπὶ
1077 2743 1184 2806 πολλὰ
1200 2744 1416 2824 διατείνουσα,

182 2889 187 2898 ·
247 2857 267 2934 ἢ
291 2853 441 2929 σύνταξις
470 2851 586 2929 μέτρου
615 2848 695 2913 κατὰ
724 2851 863 2928 κολοβὸν
895 2848 1114 2928 ἀπηρτισμένη
1139 2849 1216 2913 ἄνευ
1245 2851 1373 2928 μέλους,
1398 2851 1417 2928 ἢ

249 2963 365 3042 μέτρον
387 2959 434 3036 εἰς
455 2957 574 3036 λόγους
593 2957 752 3035 κολοβοὺς
768 2957 974 3035 τετμημένον.
1006 2956 1174 3021 Kaihelius
1199 2957 1303 3040 (proll.
1316 2977 1347 3040 p.
1361 2957 1416 3036 33)

249 3069 309 3134 etsi
332 3073 431 3149 negat
455 3063 535 3128 haec
559 3063 658 3127 verba
681 3082 716 3127 se
739 3062 938 3145 intellegere,
963 3071 1070 3128 tamen
1093 3064 1191 3148 iambi
1208 3064 1347 3146 vestigia
1370 3085 1417 3128 re·

249 3175 346 3261 periri
378 3192 473 3257 posse
504 3172 538 3235 in
569 3171 609 3236 iis
639 3171 811 3235 existimat.
873 3170 939 3236 Sed
971 3171 1047 3236 hnic
1077 3170 1257 3236 sententiae
1290 3171 1418 3236 obstare

249 3301 360 3348 vocem
385 3278 552 3356 σύνταγμα
575 3279 644 3363 ipse
668 3276 827 3342 concedit.
874 3278 922 3342 Ne
947 3298 1008 3361 ego
1033 3276 1162 3360 quidem
1185 3275 1309 3352 dubito,
1342 3280 1418 3360 quin

249 3390 302 3454 hic
321 3389 410 3452 locus
429 3406 491 3450 non
510 3387 636 3469 integer
651 3386 684 3449 in
700 3385 824 3450 scholia
847 3386 1041 3470 pervenerit.
1088 3384 1154 3449 Sed
1177 3385 1297 3449 rectius
1319 3387 1418 3451 verba

249 3503 378 3564 servata
408 3493 574 3579 explanari
605 3493 755 3558 videntur
779 3514 828 3575 eo,
862 3492 947 3575 quod
974 3493 1189 3558 Buechelerus
1212 3512 1262 3557 me
1287 3495 1417 3558 monuit.

250 3605 284 3670 Si
307 3623 343 3668 re
366 3621 444 3666 vera
467 3621 582 3687 prosae
605 3601 802 3666 artificiosae
836 3603 868 3666 in
901 3601 1152 3667 ehrestomathia
1183 3601 1302 3666 mentio
1330 3600 1419 3665 faeta

250 3717 308 3787 est,
333 3708 430 3774 etiam
454 3707 496 3772 de
520 3706 669 3792 rhythmo
697 3709 729 3772 in
760 3709 902 3772 oratione
932 3707 1074 3793 pedestri
1102 3707 1247 3772 adhibito
1271 3706 1420 3772 Proclum

250 3817 371 3883 dixisse
395 3824 642 3882 consentaneum
667 3822 724 3880 est.
763 3817 892 3899 Versus,
917 3816 971 3899 qui
988 3838 1008 3880 a
1023 3837 1169 3881 sermone
1191 3815 1334 3900 pedestri
1356 3836 1420 3879 uon

251 3924 381 3989 multum
415 3923 542 4004 absunt,
577 3923 734 4002 κολοβοὺς
767 3924 948 4008 appellatos
982 3943 1052 3988 esse
1085 3923 1189 3986 elucet
1213 3942 1231 3987 e
1255 3919 1421 3986 Diomedis

251 4032 337 4097 loco:
363 4030 401 4095 G.
418 4029 455 4094 L.
475 4030 515 4093 K.
532 4031 547 4093 l
564 4051 596 4113 p.
612 4029 690 4112 498,
706 4031 766 4094 28:
794 4031 861 4113 „sic
885 4050 961 4095 vero
982 4029 1044 4094 hac
1067 4029 1101 4092 in
1125 4029 1342 4113 appellatione
1365 4028 1422 4091 im-

251 4139 427 4222 probantur
451 4139 587 4217 (versus)
618 4143 651 4200 ut
684 4136 823 4218 quinque
856 4138 1026 4221 speciebus
1058 4136 1276 4219 designentur,
1306 4135 1421 4217 mutili,

252 4246 361 4326 exiles,
395 4243 544 4322 ecaudes,
579 4244 710 4326 fragosi,
743 4244 845 4308 fluxi
870 4251 902 4308 et
926 4243 984 4308 hos
1009 4243 1125 4308 Graeci
1149 4241 1345 4323 ἀκεφάλους,
1371 4246 1423 4306 λα-

251 4353 383 4433 γαρούς,
400 4351 581 4432 μειούρους,
598 4355 737 4431 τραχεῖς,
755 4349 986 4430 κολοβούς“;
1003 4349 1088 4416 adde
1104 4371 1134 4434 p.
1149 4350 1225 4432 500,
1241 4351 1279 4414 17
1300 4348 1421 4428 ,fluxi

252 4471 335 4544 sunt,
365 4462 420 4544 qui
448 4460 552 4526 soluto
575 4457 670 4524 modo
695 4459 727 4522 et
750 4458 841 4523 uheri
864 4467 965 4524 metro
990 4457 1178 4524 vacillanter
1202 4455 1421 4540 quatiuntur“.
