3118 5044
764 329 939 390 ...56-

266 513 369 579 nimus
399 513 430 578 iu
461 513 624 580 Ciceronis
652 521 779 580 oratore
811 517 912 595 §963
955 517 1033 600 „nst
1064 517 1224 598 quoddam
1254 519 1379 602 insigne
1406 526 1437 584 et

265 620 385 685 florens
418 623 571 687 orationis
603 622 725 705 pictum
758 631 790 686 et
817 624 992 708 expolitum
1021 643 1133 706 genus,
1167 626 1199 689 in
1233 645 1294 707 quo
1329 647 1437 690 omnes
1539 713 1540 728 ,

266 726 444 809 verborum,
479 747 587 793 omnes
610 728 839 794 sententiarum
869 731 1033 813 illigantur
1058 732 1193 816 lepores.
1242 733 1312 796 Hoc
1336 740 1436 798 totum
1539 731 1540 816 3

266 853 284 898 e
306 833 520 917 sophistarum
544 834 685 901 fontibus
709 835 847 900 defluxit
870 838 902 901 in
926 837 1041 918 forum,
1073 838 1130 903 sed
1155 847 1296 922 spretum
1321 861 1340 904 a
1364 841 1433 905 sub·
1539 833 1540 902 l

266 940 385 1020 lilibus,
410 943 570 1026 repulsum
594 963 613 1006 a
637 942 799 1026 gravibus,
825 944 857 1008 in
874 963 912 1008 ea
933 943 972 1008 de
991 964 1053 1026 qua
1077 945 1189 1027 loquor
1212 945 1436 1011 mediocritate

267 1047 445 1113 consedit“.
493 1049 534 1114 Et
557 1049 643 1134 apud
669 1049 899 1128 Quintilianum
924 1057 1015 1116 extat
1038 1052 1104 1115 XII
1131 1054 1181 1133 10,
1206 1053 1252 1118 58
1290 1055 1435 1130 „tertium
1539 1033 1540 1058 ά

266 1156 321 1220 alii
345 1156 483 1222 medium
500 1171 544 1222 ‘ex
568 1156 701 1239 duobus,
726 1157 780 1222 alii
805 1157 954 1224 floridum
980 1157 1189 1239 (drenpov)“;
1215 1160 1304 1225 cuius
1322 1160 1436 1225 defini-

266 1265 382 1328 tionem
408 1283 504 1348 supra
527 1265 754 1348 exscripsimus
768 1269 788 1328 ¹.
837 1265 1047 1332 Conferamus
1069 1266 1164 1330 etiam
1178 1267 1438 1332 Phoibammouis

267 1372 376 1452 verba,
412 1391 492 1452 quac
517 1371 644 1456 Syriani
674 1369 801 1436 nomine
830 1371 950 1437 tradita
976 1380 1058 1454 sunt,
1094 1395 1126 1458 p.
1147 1375 1219 1454 101,
1236 1375 1279 1438 25
1304 1375 1436 1455 (Rubelz

267 1480 414 1544 ἐντεῦθεν
437 1478 498 1557 γάρ
522 1478 702 1558 ὁρμώμενοι
726 1481 776 1543 καὶ
800 1478 921 1559 ἁδροὺς
945 1480 1104 1546 ἐκάλεσαν
1135 1482 1165 1546 οἱ
1188 1484 1319 1546 παλαιοὶ
1342 1502 1438 1561 χαμα-

267 1590 383 1665 κτῆρας
408 1587 459 1650 καὶ
483 1585 616 1666 ἰσχνοὺς
640 1587 690 1651 καὶ
715 1585 876 1665 ἀνθηροὺς
901 1589 953 1652 καὶ
977 1588 1059 1666 ὅσας
1084 1590 1203 1667 σχεδὸν
1220 1589 1270 1654 ἐπὶ
1294 1595 1360 1654 τῶν
1377 1604 1438 1653 σω·

266 1693 376 1772 μάτων
405 1695 618 1771 διατυπώσας
647 1693 836 1776 ἐθεάσαντο,
872 1696 1034 1773 τοσαύτας
1059 1695 1111 1759 ἐπὶ
1134 1696 1211 1774 τοὺς
1236 1700 1437 1775 χαρακτῆρας

266 1801 470 1880 μετήνεγκαν.

373 1907 466 1986 Quod
491 1907 628 1990 denique
648 1907 870 1975 definitionem
894 1911 1020 1993 generis
1044 1909 1168 1988 ἰσχνοῦ,
1194 1930 1288 1992 quam
1304 1909 1438 1976 Photius

266 2016 417 2091 servavit
443 2016 568 2099 attinet,
593 2015 733 2082 difficile
758 2025 806 2082 est
830 2015 1017 2100 diiudicatu,
1042 2024 1146 2082 utrum
1163 2017 1277 2083 merito
1298 2018 1330 2081 in
1347 2023 1438 2082 textu

267 2121 387 2189 tradito
412 2121 616 2188 offendamus
640 2145 752 2190 necne.
798 2125 880 2191 Nam
906 2123 998 2189 huius
1022 2125 1149 2208 generis
1173 2124 1379 2190 definitiones
1403 2145 1437 2190 re

267 2249 344 2297 vera
368 2229 539 2312 differunt3
573 2231 661 2296 velut
688 2233 720 2296 in
743 2231 905 2296 rhetorica
928 2231 969 2296 ad
995 2233 1187 2297 Herennium
1214 2233 1334 2316 scripta
1359 2231 1437 2297 deii-

267 2339 352 2403 nitur
375 2338 468 2419 1v8,
493 2341 528 2402 11
559 2358 661 2424 ,qnae
686 2338 818 2404 dimissa
841 2346 889 2404 est
912 2358 1012 2422 usque
1037 2338 1076 2403 ad
1102 2339 1341 2405 usitatissimum
1366 2340 1436 2424 puri

254 2444 530 2511 consuetudinem
553 2443 740 2511 sermonis“.
788 2444 931 2522 Quocum
955 2445 1084 2510 mimme
1108 2444 1254 2528 congruit
1274 2445 1436 2510 Ciceronis

267 2552 357 2618 loeus
380 2560 459 2617 orat.
485 2552 542 2617 81:
571 2551 676 2636 „Ergo
700 2551 754 2618 ille
778 2553 882 2618 tenuis
906 2559 1013 2616 orator
1037 2550 1132 2616 modo
1155 2552 1198 2616 sit
1222 2551 1354 2636 elegans
1378 2573 1438 2618 nec

267 2661 300 2724 in
328 2658 488 2725 faciendis
514 2658 620 2724 verbis
647 2659 707 2723 erit
731 2658 837 2724 audax
866 2665 898 2724 et
926 2659 958 2723 in
983 2657 1213 2723 transferendis
1237 2659 1436 2724 verecundus

268 2775 300 2831 et
316 2787 432 2852 parcus
454 2767 486 2831 in
509 2767 623 2851 priscis
646 2765 838 2848 reliquisque
861 2767 1054 2830 ornamentis
1078 2773 1110 2829 et
1126 2766 1292 2830 verborum
1314 2773 1346 2829 et
1369 2785 1437 2830 sen-

267 2875 437 2938 tentiarum
454 2872 630 2954 demissior,
648 2872 855 2937 translatione
872 2873 1009 2937 fortasse
1027 2871 1199 2954 crebrior“,
1223 2892 1315 2954 quem
1334 2872 1436 2938 locum

269 3002 338 3046 cum
368 2981 526 3045 Photiano
561 2981 673 3045 merito
701 2979 839 3044 conferri
868 2999 962 3064 posse
991 2978 1157 3044 Schmidio
1194 2986 1304 3044 contra
1333 2980 1437 3043 lmmi-

267 3088 388 3154 schium
422 3087 589 3153 assentior.
641 3084 732 3163 Quod
769 3085 969 3152 Immiscths
1001 3085 1192 3170 particulam
1226 3085 1263 3149 οὐ
1297 3086 1437 3151 inserere

267 3194 344 3273 vult,
369 3194 525 3260 enuntiati
550 3173 704 3258 rationem
729 3198 911 3277 pervertere
934 3191 1010 3257 milri
1034 3191 1177 3258 videturt
1201 3193 1239 3258 τὸ
1263 3194 1299 3256 δὲ
1323 3193 1438 3271 ἰσχνὸν

267 3357 480 3365 ————-

375 3443 385 3480 ¹
404 3443 451 3498 De
468 3445 588 3508 effectu,
603 3443 654 3511 qui
667 3442 790 3512 generis
803 3441 884 3495 tertii
898 3447 951 3509 est,
971 3441 1043 3494 dicit
1053 3440 1254 3504 Quintilianus
1268 3440 1325 3494 XII
1338 3441 1379 3508 10,
1390 3441 1437 3494 59:

270 3534 406 3605 „tertium
427 3532 510 3600 illud,
529 3535 731 3600 utrocumque
746 3540 791 3584 est
803 3531 933 3598 nomiue,
954 3530 1123 3584 delectandi
1137 3532 1202 3584 sive
1215 3535 1248 3583 ut
1262 3531 1311 3584 alii
1326 3529 1446 3598 dicunt,¹

268 3623 447 3677 conciliandi
467 3626 621 3692 praestare
639 3621 779 3674 videatur
800 3621 960 3674 officium“.
992 3620 1147 3688 Kayserus
1163 3637 1188 3689 p.
1199 3621 1233 3674 87
1253 3635 1313 3674 uon
1331 3620 1437 3674 merito

270 3715 300 3766 in
320 3728 355 3767 eo
375 3711 511 3778 offendit,
532 3711 614 3780 quod
635 3711 703 3764 huie
717 3711 825 3778 generi
842 3709 902 3763 duo
918 3710 1020 3763 officia
1033 3704 1221 3763 tribuuntur:
1242 3749 1262 3763 ..
1274 3749 1280 3762 .
1294 3710 1334 3778 ,si
1348 3710 1438 3778 rem“,

268 3803 374 3871 iuquit,
396 3801 584 3867 „accuratius
597 3804 777 3868 spectamus,
798 3799 874 3853 duos
889 3799 962 3852 illud
977 3800 1098 3852 tertium
1113 3799 1304 3868 amplectitur
1317 3799 1439 3852 charac-

268 3903 355 3946 tcras.
390 3891 501 3944 Parum
527 3889 654 3944 feliciter
680 3889 761 3958 apud
782 3888 999 3952 Quintilianum
1025 3890 1055 3941 ln
1074 3903 1169 3942 unum
1193 3887 1313 3942 dicendi
1340 3903 1438 3956 genus

269 3988 338 4035 sunt
352 3980 475 4047 redacti,
486 3979 517 4034 id
528 3979 610 4048 quod
624 3979 751 4032 fortasse
766 3980 831 4033 eius
845 3978 962 4031 auctori
976 3977 1091 4030 crimini
1107 3981 1151 4030 est
1165 3975 1324 4031 dandum.“
1343 3976 1437 4030 Immo

267 4071 325 4124 hoc
341 4085 358 4124 e
376 4070 442 4123 loco
462 4069 597 4138 intellegi
618 4073 723 4137 potest,
744 4082 804 4137 qua
823 4083 855 4120 re
875 4082 944 4120 cum
963 4066 1062 4120 medio
1086 4067 1273 4134 potissimum
1295 4065 1437 4118 floridum

268 4173 366 4229 genus
386 4159 581 4212 coniunctum
602 4158 648 4211 sit.
687 4157 848 4211 Delectare
867 4161 897 4210 et
920 4155 1081 4209 conciliare
1101 4157 1167 4208 arte
1187 4155 1364 4222 cohaerent3
1386 4155 1437 4223 qui

269 4248 430 4302 conciIIare
447 4247 521 4312 vult,
539 4261 610 4301 eum
630 4247 781 4300 delectare
802 4259 878 4315 opus
899 4249 956 4312 est;
976 4245 1007 4297 id
1022 4244 1103 4313 quod
1117 4245 1195 4298 bene
1209 4244 1378 4299 illustratur
1392 4259 1437 4311 eo,

270 4337 351 4407 quod
369 4337 461 4390 medii
481 4337 652 4406 exemplum
672 4335 876 4399 Quintilianus
896 4334 1032 4389 nominat
1051 4332 1216 4400 Nestorem,
1236 4333 1273 4387 de
1294 4349 1354 4403 quo
1377 4332 1437 4386 Ho-

269 4441 369 4481 merus
382 4426 527 4480 iudicium
540 4426 599 4479 fert
613 4425 681 4479 hoc:
703 4441 758 4495 ,ex
778 4439 829 4478 ore
839 4423 973 4479 Nestoris
993 4423 1070 4478 dixit
1089 4423 1251 4477 dulciorem
1272 4423 1359 4477 melle
1372 4438 1436 4491 pro·

268 4517 364 4570 fluere
383 4515 566 4570 sermonem“
588 4513 699 4581 (Quint.
719 4513 776 4568 XII
797 4514 838 4580 10,
857 4513 911 4578 04).
