3118 5044
653 325 827 380 „17-

153 466 313 577 lectiones
343 509 465 576 codicis
489 508 645 574 Marciani
668 509 733 573 450
757 508 813 588 (A)
838 512 870 574 et
893 507 1047 572 Marciani
1070 502 1133 570 451
1159 501 1227 588 (M),
1264 502 1328 588 qui,

153 624 188 681 ut
216 617 254 681 E.
285 617 413 681 Martini
450 617 582 682 comiter
614 635 738 682 mecum
772 613 1030 695 communicavit,
1063 618 1135 678 sunt
1167 613 1328 697 principes

153 723 290 788 duarum
313 725 602 808 manuscriptorum
626 723 830 804 familiarum,
855 720 898 786 nd
920 740 998 803 quos
1019 711 1125 788 omniu
1149 720 1328 785 recentiora

152 830 260 896 Photii
278 829 496 915 manuscripta
512 829 658 913 redeunt,
676 829 849 895 adnotabo.
889 827 1040 895 codicem
1052 828 1085 892 M
1100 847 1204 913 nuper
1213 825 1327 891 Brink-

152 958 286 1004 mannue
309 939 430 1023 primus
454 937 590 1003 contulit
615 944 648 1003 et
672 938 740 1003 eius
763 937 919 1003 lectiones
942 955 1064 1002 summa
1090 955 1161 1000 cum
1188 932 1327 999 liberuli-

29 1081 36 1088 ·
152 1051 219 1111 tate
250 1065 374 1110 mecum
410 1045 666 1111 communicavit.
720 1042 859 1110 Arethas
892 1043 1142 1128 manuscriptum
1174 1041 1326 1122 habebat,

151 1151 237 1235 quod
261 1151 303 1218 ad
328 1151 495 1234 familiam,
520 1153 610 1217 ouius
633 1152 665 1216 M
689 1158 748 1233 est,
772 1151 921 1236 pertinet.

260 1260 399 1344 δάφνης]
435 1264 501 1324 τῶν
537 1265 793 1340 δαφνηφορικῶν
827 1258 932 1337 οὕτως
968 1257 1215 1337 ὀνομαζομένων
1250 1253 1325 1334 παρ’

151 1367 235 1432 ὅσον
260 1366 387 1447 δάφνας
413 1363 453 1432 δι’
476 1367 701 1447 ἐνναετηρίδας
725 1367 771 1445 είς
788 1367 826 1430 τό
846 1365 1127 1443 τοῦ,Ἀπόλλωνος
1143 1364 1326 1443 κομίζοντες

151 1475 181 1538 οἱ
198 1473 295 1553 ἱερεῖς
311 1474 468 1553 ἐξύμνουν
492 1473 601 1538 αύτόν.
637 1472 725 1552 αὕτη
741 1475 760 1552 ἡ
782 1459 878 1538 αίτία·
902 1476 967 1537 τῶν
980 1473 1120 1538 Αἰολέων
1137 1469 1211 1536 ὅσοι
1228 1473 1327 1554 κατῴ-

151 1602 230 1646 κουν
261 1579 381 1661 Ἄρνην
418 1583 469 1645 καὶ
501 1581 541 1645 τὰ
573 1581 671 1665 ταύτῃ
702 1583 811 1661 χωρία,
843 1580 924 1644 κατὰ
951 1580 1098 1659 χρησμὸν
1126 1577 1326 1656 ἀναστάντες

151 1689 273 1754 ἐκεῖθεν
297 1691 348 1752 καὶ
364 1689 643 1768 περικαθεζόμενοι
657 1688 766 1768 Θήβας
784 1688 946 1768 ἐπόρθουν
965 1686 1245 1768 προκατεχομένας
1261 1685 1348 1750 ύπὸε

150 1797 345 1871 Πελασγῶν.
384 1797 498 1873 Καινῆς
523 1794 645 1875 ἀμφοῖν
668 1796 782 1875 ἑορτῆς
800 1796 1006 1873 Ἀπόλλωνος
1025 1793 1187 1871 ἐνστάσης
1204 1791 1325 1871 άνοχὰς

151 1902 263 1967 ἔθεντο
287 1904 338 1967 καὶ
366 1902 494 1981 δάφνας
517 1903 677 1983 τεμόντες,
706 1904 736 1966 οἳ
765 1905 822 1982 μὲν
851 1903 883 1969 ἐξ
906 1901 1091 1983 Ἑλικῶνος,
1118 1901 1148 1964 o‘i
1173 1901 1207 1964 δὲ
1231 1899 1326 1979 ἐγγὺς

149 2014 209 2076 τού
235 2012 385 2089 Μέλανος
409 2015 567 2095 ποταμοῦ,
592 2012 738 2089 ἐκόμιζον
761 2018 806 2096 τῷ
831 2009 1020 2075 Ἀπόλλωνι.
1067 2006 1259 2088 Πολεμάτας
1281 2008 1326 2083 δέ,

150 2118 169 2182 δ
193 2122 259 2182 τῶν
285 2119 435 2182 Βοιωτῶν
459 2117 699 2201 ἀφηγούμενος,
734 2117 842 2185 ἔδοξεν
867 2116 947 2197 ὄναρ
976 2117 1107 2181 νεανίαν
1134 2114 1206 2186 τινὰ
1228 2132 1325 2178 πανο-

151 2226 248 2290 πλίαν
273 2225 360 2310 αὐτῷ
384 2225 508 2290 διδόναι
532 2227 583 2289 καὶ
605 2225 704 2304 εὐχὰς
728 2229 890 2290 ποιεῖσθαι
913 2224 1125 2302 προστάττειν
1148 2227 1194 2306 τῷ
1214 2222 1313 2285 Ἀπόλ
1335 2245 1361 2284 10

150 2336 229 2397 λωνι
254 2335 552 2411 δαφνηφοροῦντας
577 2333 629 2396 διὰ
652 2333 893 2411 ἐνναετηρίδος·
919 2331 996 2412 μετὰ
1016 2332 1051 2394 δὲ
1074 2330 1183 2408 τρίτην
1203 2329 1324 2408 ἡμέραν

149 2441 335 2521 ἐπιθέμενος
360 2443 468 2518 κρατεῖ
488 2445 554 2504 τῶν
576 2441 757 2522 πολεμίων,Ι
774 2441 825 2504 καί
850 2438 948 2518 αὐτός
968 2458 1003 2501 τε
1019 2439 1077 2529 τήν
1094 2435 1323 2518 δαφνηφορίαν

150 2548 250 2612 ἐτέλει
274 2549 324 2611 καὶ
345 2547 383 2610 τὸ
403 2546 478 2624 ἔθος
495 2548 616 2612 ἐκεῖθεν
633 2550 836 2625 διατηρεῑται.
872 2547 906 2610 Ἡ
925 2547 960 2610 δέ
977 2545 1201 2625 δαφνηφορία·
1226 2542 1323 2610 ξύλον

149 2655 259 2732 ἐλαίας
293 2654 534 2734 καταστέφουσι
553 2642 703 2734 ,δάφναις
735 2655 893 2731 ποικίλοις
924 2653 1035 2719 ἄνθεσι
1069 2652 1119 2716 καὶ
1148 2649 1197 2715 ἐπ’
1223 2650 1322 2728 ἄκρου

148 2757 206 2835 μέν
230 2760 329 2835 χαλκῆ
354 2756 567 2836 ἐφαρμόζεται
591 2761 727 2838 σφαῖρα,
752 2757 786 2821 ἐκ
810 2757 845 2821 δὲ
869 2757 988 2838 ταύτης
1012 2758 1200 2837 μικροτέρας
1225 2757 1320 2834 ἐπαρ-
1333 2778 1357 2819 m

148 2869 244 2927 τῶσι·
280 2863 361 2927 κατὰ
389 2865 424 2927 δὲ
451 2864 489 2927 τό
520 2864 621 2944 μέσον
649 2867 706 2927 τού
736 2863 832 2929 ξύλου
861 2865 1044 2943 περιθέντες
1073 2864 1240 2930 ἐλάσσονα
1262 2868 1320 2943 τῆς

107 3017 116 3028 .
148 2970 199 3034 ἐπ’
228 2968 327 3049 ἄκρου
362 2973 419 3033 τοῦ
453 2969 550 3037 ξύλου
583 2970 784 3036 καθάπτοοσι
817 2974 971 3051 πορφυρᾶ
1001 2973 1177 3053 στέμματα·
1213 2973 1252 3036 τὰ
1286 2973 1320 3036 δὲ

147 3080 315 3142 τελευταῖα
338 3080 395 3141 τού
421 3076 518 3143 ξύλου
538 3078 772 3158 περιστέφοοσι
794 3085 956 3163 κροκωτῷ.
994 3079 1147 3145 Βούλεται
1164 3080 1192 3144 δ’
1209 3079 1320 3157 αὐτοῖς

147 3180 166 3257 ἡ
191 3181 248 3258 μὲν
272 3178 429 3245 ἀνωτάτω
453 3183 579 3259 σφαῖρα
602 3181 661 3244 τόν
689 3181 792 3264 ἥλιον,
821 3181 848 3266 ᾧ
875 3183 926 3246 καὶ
949 3183 1008 3247 τὸν
1031 3181 1229 3247 Ἀπόλλωνα
1245 3181 1320 3246 ἀνα-

147 3287 318 3370 φέρουσιν,
351 3286 371 3366 ὴ
396 3289 431 3352 δὲ
455 3287 645 3366 ὑποκειμένη
670 3290 729 3366 τὴν
752 3289 909 3368 σελήνην·
945 3289 985 3352 τὰ
1013 3292 1048 3354 δὲ
1072 3290 1358 3369 προσηρτημένου

148 3399 216 3458 τῶν
241 3394 403 3475 σφαιρίων
427 3393 532 3474 ἄστρα
555 3415 589 3458 τε
613 3396 664 3459 καὶ
687 3394 842 3475 ἀστέρας·
870 3396 910 3460 τά
934 3397 969 3460 δὲ
992 3399 1156 3477 στέμματα
1178 3398 1236 3462 τόν
1259 3397 1320 3462 ἐνι·

149 3501 268 3566 αύσιον
291 3501 427 3581 δρόμον·
451 3504 503 3566 καὶ
526 3501 587 3581 γὰρ
609 3505 661 3567 καὶ
684 3503 744 3570 τξέ
760 3506 912 3568 ποιοῦσιν
935 3503 1026 3568 αὐτά.
1073 3503 1179 3584 Ἄρχει
1203 3507 1239 3568 δὲ
1261 3507 1319 3583 τῆς

147 3609 377 3689 δαφνηφορίας
401 3613 478 3687 παῖς
503 3608 701 3690 άμφιθαλής·
735 3610 829 3676 καὶὸ
853 3598 991 3689 μάλιστα
1015 3610 1102 3696 αύτῷ
1124 3612 1243 3692 οἰκεῖος
1268 3617 1320 3692 βα-

147 3713 257 3782 στάζει
280 3716 318 3779 τὸ
342 3717 596 3796 κατεστεμμένον
620 3717 726 3800 ξύλον,
752 3718 771 3782 ὃ
795 3719 893 3782 κωπῶ
917 3722 1086 3784 καλοῦσιν·
1118 3719 1216 3797 αὐτὸς
1241 3721 1276 3783 δὲ
1300 3719 1319 3783 ὁ
1362 3755 1364 3759 ,

255 3951 325 4007 Vcr.
344 3952 411 4007 leet.
433 3969 460 4006 v.
481 3951 506 4005 1.
535 3953 577 4006 Τὰ
596 3953 627 4007 δὲ
651 3955 787 4020 λεγόμενα
809 3954 946 4021 παρθένια
968 3959 1063 4021 χοροῖς
1090 3956 1239 4022 παρθένων
1261 3957 1318 4010 ἐνε-

145 4043 290 4110 γρὰφετο·
319 4040 363 4106 οἷς
382 4042 481 4095 καὶτὰ
500 4043 700 4110 δαφνηφορικὰ
720 4045 759 4107 ῶς
778 4043 816 4106 εἰς
834 4043 927 4108 γένος·
948 4045 1058 4112 δάφνας
1075 4044 1130 4116 γὰρ
1149 4046 1180 4099 ἐν
1197 4044 1319 4114 Βοιωτίᾳ

145 4130 180 4184 δι’
199 4130 395 4197 ἐνναετηρίδας
417 4147 473 4184 κτε.
493 4129 528 4184 A.
556 4132 661 4186 eadem
681 4132 809 4201 praebet
828 4133 859 4186 ἐν
878 4133 996 4202 Βοιωτίᾳ
1016 4134 1132 4187 omissis
1149 4132 1178 4185 M
1190 4134 1232 4199 113
1250 4138 1318 4203 post

145 4221 234 4274 αὐτόν
254 4219 321 4273 add.
336 4221 381 4274 διὰ
400 4225 486 4286 χοροθ
500 4221 647 4288 παρθένων
658 4218 685 4273 Α
698 4221 709 4288 ΙΙ
721 4222 739 4275 4
753 4224 799 4274 καλ
815 4223 833 4287 ἡ
847 4222 921 4276 αἰτία
933 4220 990 4274 AM
1003 4222 1044 4288 ΙΙό
1062 4223 1317 4289 προσκαθεζόμενοι

144 4309 202 4363 AM
221 4310 483 4376 προσκαθεζομένας
498 4325 553 4380 pro
569 4311 815 4376 προκατεχομένας
828 4310 857 4363 Μ
870 4311 910 4377 ΙΙΊ
928 4312 1080 4376 τέμνοντες
1093 4309 1119 4364 Α
1132 4312 1143 4378 ΙΙ
1158 4311 1237 4380 1οί11
1251 4329 1317 4379 προ-

144 4401 276 4454 στάττειν
295 4405 362 4468 post
381 4400 576 4467 ἐνναετηρίδας
589 4401 720 4470 positum
734 4399 761 4453 A
773 4401 785 4468 ΙΙ
799 4402 833 4454 14
846 4403 965 4470 δάφναις
977 4405 1023 4455 καί
1036 4400 1062 4455 A
1075 4403 1087 4470 ΙΙ
1101 4401 1182 4472 lollii
1196 4403 1316 4470 σφαίρας

143 4504 200 4560 pro
220 4493 271 4542 τοθ
292 4490 374 4572 ξύλου
388 4487 414 4542 Α
428 4487 484 4557 1121
504 4506 536 4554 γε
556 4495 623 4558 post
643 4491 672 4543 δὲ
693 4490 857 4560 Westphut
871 4491 930 4559 1194
948 4493 1037 4545 mirum
1057 4489 1083 4544 A

1106 4637 1113 4652 ,
1138 4584 1155 4638 2
