3118 5044
612 334 787 390 ..45-

117 515 163 582 Of.
189 517 286 582 etiam
310 535 501 602 anonymum
525 516 566 583 de
592 517 779 582 hexametro
804 517 842 582 G.
867 516 905 582 L.
930 517 971 585 K.
998 517 1134 599 vicet,
1154 517 1194 580 13
1214 537 1284 600 sqq.

120 626 263 708 ,colurus
287 631 335 689 est
360 624 428 689 sive
453 625 615 690 colobus
648 645 720 689 cum
750 644 860 690 versus
894 624 985 706 quasi
1018 644 1113 708 prosa
1141 625 1285 688 oratioue

12 813 13 816 Ἴ
117 731 266 814 decurrit,
300 743 335 796 ut
359 739 407 797 est
431 732 491 797 boo
514 733 584 797 ‘aut
607 753 736 816 spumas
760 733 896 798 miscent
918 734 1043 816 argenti
1068 735 1200 815 viraque
1224 733 1286 797 sul·

12 831 13 854 ¹
115 837 265 923 phura’“.

674 1324 732 1388 Ill.

239 1489 264 1549 l.
303 1485 338 1548 ln
372 1483 467 1549 tertia
500 1491 591 1568 parte
625 1483 774 1549 anecdoti
808 1484 953 1551 Estensis
986 1486 1175 1572 aKaysero
1206 1487 1288 1552 editi

117 1594 225 1676 agitur
249 1591 289 1656 de
314 1591 478 1658 bucolicis.
502 1605 505 1611 '
527 1591 665 1656 Primam
691 1599 723 1656 et
752 1592 884 1656 alteram
913 1598 1037 1676 partem
1061 1594 1093 1657 in
1116 1595 1288 1658 memoriae
1358 1651 1362 1658 .

117 1702 232 1765 seriem
257 1699 448 1764 scholiorum
474 1698 755 1782 Dionysianorum‚
781 1699 898 1780 Procli,
924 1697 1061 1779 Orionis,
1086 1699 1219 1784 Didymi
1243 1701 1289 1764 ἰη-Ι

11 1795 13 1880 i
117 1805 287 1872 serendam
321 1825 390 1871 esse
416 1805 579 1890 Kayserus
612 1806 770 1890 probarit.
818 1805 948 1871 Tertiae
981 1807 1082 1889 partis
1114 1807 1147 1871 id
1181 1814 1288 1893 caput,

117 1935 181 1996 quo
213 1913 254 1978 de
284 1933 363 1977 voce
393 1911 549 1992 βουκόλος
583 1912 758 1993 disseritur,
794 1911 835 1976 ad
866 1912 993 1978 Orionis
1025 1914 1151 1978 lexicon
1185 1915 1289 1980 redire

117 2021 203 2087 idem
232 2021 395 2084 existimat
418 2041 449 2104 p.
468 2020 509 2084 80
533 2027 566 2084 et
588 2020 630 2083 90
655 2018 796 2102 dicitque
820 2040 851 2104 p.
869 2021 925 2085 ab:
969 2019 1111 2099 „Quibus
1135 2022 1290 2106 expositis

117 2148 276 2213 apparere
301 2147 415 2192 censeo
440 2135 539 2191 totam
566 2126 648 2192 hanc
672 2127 821 2192 anecdoti
846 2127 1024 2192 doctrinam
1049 2127 1089 2193 de
1113 2148 1192 2193 voce
1218 2133 1289 2208 βου-

117 2238 217 2314 κόλος
248 2236 404 2320 prolatam
431 2255 470 2299 ex
494 2234 611 2300 Orione
635 2235 779 2300 fluxisse.
834 2236 987 2301 Fortasse
1011 2236 1126 2301 Proclo
1155 2236 1290 2301 interce·

119 2344 218 2408 dente
243 2344 324 2408 haec
348 2344 453 2407 omnia
477 2343 660 2408 auctoribus
685 2343 870 2427 Byzantinis
893 2351 967 2408 sunt
991 2341 1141 2407 tradita.“
1172 2344 1289 2410 Nescio

118 2473 162 2516 an
193 2451 240 2515 bis
264 2451 370 2516 verbis
399 2449 507 2514 dicere
537 2450 617 2514 velit
644 2470 679 2515 se
703 2451 850 2515 bucolica
878 2452 910 2514 in
936 2450 1185 2515 chrestomathia
1208 2458 1290 2516 trac·

117 2565 191 2623 tata
214 2577 283 2623 esse
307 2557 472 2642 suspicari.
521 2558 586 2622 lam
612 2559 796 2641 priusquam
821 2557 1000 2623 anecdotos
1030 2559 1063 2621 in
1094 2558 1194 2623 lucem
1219 2578 1289 2643 pro·

118 2665 192 2748 diit,
217 2664 453 2729 Brinhmanuus
477 2685 526 2728 me
550 2665 672 2729 uronuit
695 2664 784 2748 illud,
799 2666 903 2749 poesis
923 2683 1024 2748 genus
1048 2686 1068 2729 a
1088 2664 1203 2730 Proclo
1227 2685 1290 2730 non

119 2793 192 2838 esse
215 2772 394 2855 neglectum
420 2773 487 2837 vcri
521 2792 591 2837 esse
624 2772 827 2836 simillimum.
875 2773 924 2838 Ne
957 2772 1127 2856 vestigium
1162 2772 1290 2854 quidem

120 2879 287 2944 Theocriti
312 2880 549 2944 commemorati
573 2879 717 2943 relictum
742 2899 812 2943 esse
835 2879 867 2943 in
893 2880 948 2958 eis,
981 2899 1063 2962 qrrae
1088 2879 1194 2946 adhuc
1217 2881 1291 2944 Pro-

120 2988 228 3054 cliaua
253 2988 468 3069 cognorimus,
494 2986 732 3051 concedendurn
758 2994 815 3052 est.
863 2988 1037 3070 Postquam
1061 3007 1144 3052 nunc
1169 2987 1291 3071 aKay·

120 3115 194 3160 sero
218 3095 386 3179 probatum
411 3103 459 3159 est
482 3094 566 3158 illius
583 3095 721 3158 Tzetaae
744 3095 856 3179 scripti
879 3093 959 3158 duas
983 3096 1102 3179 primas
1126 3101 1244 3179 partes,
1264 3095 1290 3159 si

120 3222 186 3266 non
210 3202 241 3265 iu
267 3203 411 3266 omuibus
435 3201 568 3283 singulis
591 3201 695 3283 rebus,
730 3208 763 3265 at
793 3208 898 3265 tamen
927 3202 959 3264 in
983 3202 1138 3267 universis
1163 3221 1180 3266 e
1205 3201 1292 3266 chre-

121 3309 298 3374 stomatbia
330 3309 475 3390 fluxisse,
511 3309 563 3373 vel
595 3328 652 3392 per
675 3329 709 3373 se
734 3309 901 3389 sententia,
940 3329 1002 3390 qua
1035 3309 1132 3373 etiam
1165 3308 1291 3373 tertiam
1385 3343 1386 3348 κ

121 3424 247 3502 partem
272 3436 310 3480 ex
335 3415 447 3481 eodem
472 3415 561 3480 fonte
585 3415 727 3480 hausisse
746 3415 879 3480 Tzetaes
903 3422 1040 3500 putetur,
1066 3414 1196 3480 arridet.
1225 3415 1292 3481 Sed

123 3524 259 3609 primum
283 3522 409 3606 quidem
435 3522 651 3604 quaerendum
676 3529 734 3603 est,
764 3543 837 3587 num
862 3543 881 3586 a
905 3521 1013 3608 priori,
1038 3530 1073 3586 ut
1097 3524 1194 3600 aiunt,
1219 3525 1291 3588 Pro-

124 3631 193 3697 clus
225 3630 442 3696 bucolicorum
475 3631 666 3694 mentionem
699 3630 816 3695 fecisse
849 3628 1009 3714 putandus
1043 3631 1094 3695 sit.
1147 3630 1293 3695 Proclum

123 3759 188 3803 non
221 3737 315 3802 modo
349 3736 466 3802 aetatis
499 3737 653 3802 classicae
686 3738 858 3821 scriptores
887 3744 1044 3803 tractasse
1068 3738 1119 3803 rel
1144 3758 1161 3801 o
1185 3736 1293 3801 Photii

124 3847 286 3930 excerptis
314 3845 466 3929 cognosci
496 3852 611 3928 potest,
646 3864 718 3910 cum
741 3846 773 3908 in
798 3845 950 3927 elegiacis
973 3844 1119 3910 Philetas
1142 3851 1173 3908 ct
1198 3843 1294 3908 Calli·

124 3953 258 4020 machus
290 3960 522 4018 enumerentur.
570 3952 696 4017 Deinde
727 3951 996 4019 chrestomatbiab
1019 3953 1206 4037 scriptorem
1230 3972 1293 4016 nou

125 4062 226 4127 solum
251 4063 452 4143 antiquorum
476 4062 660 4125 memoriam
684 4061 871 4137 servavisse,
897 4061 953 4126 sed
971 4060 1068 4124 etiam
1085 4079 1161 4126 suae
1178 4059 1294 4124 aetatis

125 4169 287 4234 hominum
305 4167 482 4232 studiorum
505 4168 660 4233 rationem
678 4166 807 4233 duxisse
831 4168 895 4233 iam
916 4167 1052 4233 vidimus
1076 4174 1173 4248 atque
1197 4165 1295 4231 etiam

126 4278 250 4340 risuros
266 4295 323 4340 nos
339 4295 409 4340 esse
425 4295 598 4360 speramus.
640 4273 711 4351 Qua
727 4273 769 4338 de
784 4274 892 4339 Procli
909 4273 1139 4339 consuetudine
1156 4275 1222 4356 egit
1235 4274 1295 4337 lm-

127 4382 279 4448 mischius
294 4404 325 4465 p.
339 4383 414 4446 258.
446 4383 533 4447 Satis
545 4387 593 4446 est
606 4400 734 4446 monere
747 4380 787 4444 de
801 4381 979 4446 oratoribus
993 4386 1025 4444 et
1039 4379 1200 4446 historicis
1213 4401 1295 4446 com-

127 4490 321 4554 memoratis.
369 4487 511 4552 Bucolici
529 4496 648 4571 quauta
664 4487 770 4572 gratia
789 4488 852 4552 illis
875 4486 1075 4572 potissimum
1099 4487 1296 4572 temporibus
