3118 5044
639 285 812 340 -25-

139 470 210 543 ταῖς
235 465 327 545 ὁδοῖς
351 466 522 544 ἑκώμαζον.
561 468 620 546 τὴν
643 467 697 530 uir·
723 464 726 554 l
751 471 809 532 τοῦ
839 468 937 543 λόγου
965 467 1002 530 τό
1033 467 1204 544 ἑξάμετρον
1228 465 1309 529 ίδιώ-

138 574 197 651 τὴν
216 574 251 637 δέ
268 574 318 637 καί
337 575 517 657 τρυγῳδίαν
533 575 628 653 φασὶ
645 573 697 638 διὰ
752 589 834 640 σατο
857 576 908 638 καὶ
932 575 1046 652 ἐκλήθη
1071 573 1151 651 ἐπος
1175 577 1240 637 κτλ.

140 681 177 744 τό
209 685 279 759 τοῑς
312 680 537 759 εὐδοκιμοῦσιν
569 681 620 745 ἐπὶ
651 687 696 766 τῷ

139 787 268 872 Ληναίῳ
303 787 381 866 (ἀπὸ
410 791 467 851 τοῦ
492 791 591 865 ληνοῦ
626 808 697 852 con·
745 843 746 846 ,

138 893 215 959 iecit
246 895 456 976 Brinkmann)
486 900 620 974 γλεῦκος
654 897 697 960 δί-

138 1008 264 1076 δοσθαι,
290 1001 370 1081 ὅπερ
389 1003 526 1068 ἐκάλουν
543 1003 653 1084 τρύγα,
677 1005 696 1083 ἢ

137 1109 187 1174 ὅτι
223 1109 317 1188 μήπω
352 1111 568 1188 προσωπείων
602 1112 697 1190 ηὑρη-

137 1217 245 1294 μένων
290 1219 380 1295 τρυγὶ
422 1219 618 1297 διαχρίοντες
657 1218 696 1282 τὰ

137 1323 301 1403 πρόσωπα
325 1325 544 1402 ὑπεκρίνοντο.
721 1301 724 1406 ί

246 1429 352 1496 Etiam
377 1431 489 1496 melius
513 1431 658 1496 Proclum
683 1431 940 1515 recognoscimus
965 1430 997 1495 in
1022 1431 1152 1496 comicis
1176 1430 1309 1514 singulis

137 1535 369 1604 describendis.
417 1537 558 1620 Singulis
582 1537 767 1604 comoediae
791 1536 933 1624 periodis
950 1538 1088 1604 breviter
1111 1537 1229 1604 notatis
1246 1539 1307 1604 sin-

136 1645 283 1728 gularum
323 1647 495 1730 scriptores
534 1653 778 1710 enumerantur*
803 1653 834 1710 et
879 1645 1031 1731 deinceps
1075 1644 1307 1715 describuntur.

135 1751 244 1816 Photii
280 1753 335 1817 illa
365 1753 464 1818 verbu
487 1753 656 1832 Διέρχεται
686 1754 721 1816 δὲ
748 1753 874 1818 τούτων
903 1753 948 1833 ὡς
972 1753 1043 1818 οἷόν
1071 1775 1104 1818 τε
1132 1755 1183 1818 καὶ
1213 1754 1307 1832 γένος

136 1861 189 1923 καὶ
217 1861 373 1939 πατρίδας
403 1860 454 1924 καί
482 1880 572 1938 τινας
596 1861 647 1924 ἐπὶ
671 1861 788 1939 μέρους
812 1861 940 1940 πράξεις
965 1860 1109 1944 apprime
1133 1862 1164 1924 in
1190 1881 1308 1944 anony-

136 1985 223 2030 mum
251 1964 347 2030 istum
378 1965 547 2048 quadrant.
591 1949 638 2032 'Ut
666 1967 872 2050 paucioribus
901 1967 1006 2032 verbis
1034 1967 1126 2052 pluro
1150 1966 1307 2044 dicontur,

135 2072 210 2136 fieri
243 2073 297 2136 vix
331 2080 446 2158 potest.
493 2072 530 2137 ld
564 2075 703 2155 verbum,
738 2094 800 2156 quo
831 2074 987 2140 enuntiati
1018 2075 1169 2166 cuiusque
1197 2075 1308 2140 titulus

136 2179 336 2263 exprimitur,
369 2181 401 2244 in
432 2181 522 2245 initio
551 2181 689 2265 positum
707 2167 773 2261 est,
804 2187 838 2244 ut
862 2181 978 2247 indicis
1007 2182 1077 2251 loco
1102 2184 1221 2266 scripto
1247 2182 1308 2248 boc

134 2287 184 2350 uti
212 2294 320 2371 posset
343 2287 453 2352 lector.
501 2287 596 2370 Velut
619 2289 652 2353 in
676 2289 732 2368 eis,
764 2308 847 2369 quae
875 2287 915 2352 de
942 2288 1135 2374 Epicharmo
1160 2289 1308 2356 dicuntur

135 2415 167 2458 v.
195 2393 332 2476 lsssqq.:
369 2393 465 2472 οὗτος
495 2401 624 2474 πρῶτος
655 2397 713 2473 τὴν
740 2397 911 2480 κωμῳδίαν
935 2397 1156 2475 διερριμμένην
1180 2397 1308 2476 ἀνεκτή-

134 2515 220 2565 σατο
244 2502 350 2565 πολλὰ
374 2503 710 2581 προσφιλοτεχνήσας.
750 2504 915 2581 χρόνοις
944 2505 979 2567 δέ
1007 2504 1141 2580 γέγονε.
1158 2553 1164 2568 .
1180 2511 1243 2594 ,τῇ
1268 2507 1308 2568 δέ

135 2609 297 2685 ποιήσει
322 2610 480 2686 γνωμικός
495 2657 504 2672 .
517 2657 525 2674 .
540 2658 547 2673 .
561 2613 726 2693 σῴζεται
751 2611 786 2673 δέ
810 2610 909 2674 αὐτοῦ
925 2659 931 2674 .
947 2659 976 2674 ..
1013 2609 1186 2688 Quodlibet
1211 2617 1308 2695 ceput

135 2714 278 2780 eximere
301 2713 387 2796 licet,
411 2722 455 2797 ut,
480 2715 564 2798 quod
589 2716 739 2797 diximus,
763 2717 947 2794 illustretur,
995 2719 1090 2798 §112
1114 2717 1307 2797 Ἀριστοφά-

136 2841 197 2899 νης
222 2821 383 2886 Φιλίππου
409 2825 589 2904 Ἀθηναῖος,
618 2830 727 2908 μακρῷ
758 2825 954 2904 λογιώτατος
980 2827 1158 2903 Ἀθηναίων
1186 2827 1236 2890 καὶ
1260 2825 1308 2890 εῦ-

136 2928 217 3011 φυίᾳ
240 2927 365 3008 πάντας
390 2931 581 3008 ὑπεραίρων.
617 2935 744 3009 ζηλῶν
768 2932 803 2995 δέ
828 2931 1163 3010 Εὐριπίδην...τοῖς
1188 2934 1227 2996 δέ
1251 2933 1307 3011 με’-

136 3040 225 3100 λεσι
249 3037 453 3115 λεπτότερος.
497 3037 649 3103 ἐδίδαξε
680 3039 715 3103 δέ
738 3045 870 3116 πρῶτον
893 3040 945 3103 ἐπὶ
968 3037 1126 3118 ἄρχοντος
1151 3040 1306 3119 Διοτίμου

136 3143 189 3207 διὰ
207 3142 461 3222 Καλλιστράτου·
487 3145 556 3222 τὰς
581 3145 741 3223 μὲνγὰρ
766 3147 972 3226 πολιτικὰς
996 3147 1101 3231 τούτῳ
1125 3148 1228 3226 φασὶν
1252 3147 1307 3212 αὐ-

134 3250 194 3313 τόν
218 3248 342 3313 διδόναι
365 3254 431 3314 κτλ.
475 3254 494 3330 ξ
512 3251 567 3315 13:
593 3251 787 3330 Ἀντιφάνης
804 3255 861 3330 μὲν
877 3252 936 3317 οὖν
949 3248 1118 3333 Στεφάνου
1135 3251 1306 3335 Ἀθηναῖος

137 3358 264 3420 ...καὶ
287 3357 432 3435 ἤρξατο
457 3358 661 3423 διδάσκειν
685 3359 762 3437 μετὰ
786 3360 845 3437 τὴν
869 3363 915 3438 9η
931 3359 1123 3437 ὀλυμπιάδα.
1159 3363 1219 3424 καί
1243 3382 1307 3440 φα-

136 3464 202 3527 σίν
231 3463 332 3528 αὐτόν
361 3465 546 3540 γενέσθαι
579 3467 637 3543 μὲν
665 3469 730 3530 τῶν
758 3465 823 3530 άπὸ
855 3467 1039 3546 Θεσσαλίας
1069 3467 1103 3531 ἐκ
1131 3467 1307 3550 Λαρίσσης,

135 3576 466 3651 παρεγγραφῆναι,
494 3574 529 3636 δὲ
551 3572 602 3650 εἰς
632 3574 690 3651 τὴν
715 3575 892 3651 Ἀθηναίων
920 3575 1084 3638 πολιτείαν
1109 3575 1172 3639 ὑπὸ
1201 3576 1307 3653 Δημο-

136 3677 286 3757 σθένους.
322 3679 471 3755 γενέσθαι
488 3681 524 3743 δέ
545 3679 695 3756 λέγουσιν
712 3680 812 3744 αὐτόν
836 3681 1104 3760 εὐφυέστατον
1120 3681 1164 3759 εἰς
1181 3683 1218 3746 τὸ
1234 3681 1307 3760 γρά-

136 3804 211 3865 φειν
240 3787 291 3849 καὶ
322 3790 582 3863 δραματοποιείν.
628 3787 859 3865 ἐτελεύτησε
889 3790 1079 3852 δέ...τιῦν
1107 3789 1149 3853 δὲ
1177 3809 1306 3873 κωμῳ-

136 3897 229 3959 διῶν
249 3894 363 3986 αὐτοῦ
394 3915 484 3973 τινας
512 3895 563 3958 καὶ
591 3895 609 3958 δ
640 3895 808 3974 Στέφανος
837 3895 989 3961 ἐδίδαξεν.
1038 3895 1106 3960 ἐστι
1139 3898 1174 3960 δὲ
1207 3895 1306 3962 αὐτοῦ

136 3988 281 4080 δράματα
305 4006 362 4066 σξ’.

84 4109 87 4116 ’
244 4106 340 4172 Certa
365 4107 503 4190 quodum
528 4109 650 4172 ratione
675 4109 802 4191 singule
826 4111 934 4194 capita
963 4110 995 4173 in
1024 4115 1126 4173 totum
1153 4111 1305 4193 scriptum

135 4215 326 4298 inseruntur,
352 4215 448 4281 certis
472 4213 661 4298 quibusdam
685 4215 852 4299 particulis
869 4215 1070 4299 inducuntur,
1095 4217 1183 4281 velut
1198 4238 1227 4280 v.
1248 4219 1305 4280 11:

136 4321 166 4386 οἱ
190 4322 248 4400 μὲν
272 4320 331 4386 οῦν
354 4328 411 4401 τῆς
435 4321 570 4402 ἀρχαίας
594 4324 762 4406 κωμῳδίας
788 4325 914 4401 ποιηταί
932 4371 938 4386 .
958 4371 990 4387 ..
1038 4345 1068 4388 ν.
1092 4323 1154 4400 49ιι
1189 4327 1245 4401 τῆς
1270 4324 1305 4386 δέ

136 4429 313 4508 μέσης...
360 4451 390 4494 ν.
415 4429 473 4496 63:
512 4433 569 4508 τῆς
598 4430 633 4493 δέ
663 4430 739 4508 νέας
757 4479 764 4495 .
783 4477 816 4494 ..
867 4429 989 4494 Deinde
1017 4430 1136 4513 primus
1172 4431 1305 4512 quisque
