3118 5044
751 349 927 405 „32-

252 539 318 598 tum
348 539 406 616 est,
441 533 579 598 fortasse
606 531 736 596 metiore
760 537 876 596 eventu
901 551 973 597 enm
997 551 1069 598 cum
1092 533 1256 599 laterculis
1280 531 1429 602 conferre
1549 577 1550 628 t

251 657 428 726 possumus.
493 636 739 704 Kroebnertiurn
777 639 879 703 secuti
919 639 1060 704 tabulam
1100 639 1427 708 Montefaleonianam
1549 649 1550 700 ξ

250 747 356 812 littera
386 747 430 829 M,
455 744 663 812 Bodleianam
693 744 853 810 litterati
883 744 1145 830 significabimus,
1180 767 1312 829 quarum
1338 748 1428 814 illam
1548 790 1549 821 ff

251 855 319 919 eins
334 852 570 920 dissertationis
590 872 622 936 p.
638 833 737 934 5—8,
761 850 845 917 bano
861 872 893 936 ρ.
912 853 1042 918 10-13
1058 873 1246 939 expressam
1269 856 1427 923 invenies.

357 962 518 1044 Antiquae
542 958 728 1026 comoediae
751 966 868 1044 poetae
892 961 1099 1045 praebentur:

437 1070 469 1133 in
494 1069 559 1133 tab.
584 1068 615 1132 M
836 1069 838 1143 ί
1027 1070 1069 1134 ab
1093 1089 1252 1156 anonymo

296 1178 526 1261 Κωμῳδοποωί
536 1175 672 1256 ἀρχαίας
684 1156 714 1241 ἶ·
729 1175 810 1239 Ἐπί·
909 1173 1112 1256 Ἐπίχαρμος,
1139 1179 1317 1260 Μάγνης,
1348 1182 1429 1259 Κρα-

253 1305 385 1366 χαρμος,
439 1285 605 1364 Κρατῖνος,
657 1281 810 1363 Εὔπολις,
864 1286 968 1366 τῑνος,
1023 1284 1163 1367 Κράτης,
1209 1286 1429 1366 Φερεκράτης,

251 1388 810 1472 Ἀριστοφάνης,Φερεκράτης<Κρά-
864 1389 1076 1474 Φρύνιχος,
1106 1391 1256 1476 Εὔπολις,
1283 1392 1428 1472 Ἀριστο-

249 1499 340 1582 της>,
363 1498 534 1564 Πλάτων.
651 1494 653 1498 ’
864 1496 983 1577 φάνης.

440 1607 472 1670 in
496 1606 612 1672 tanc

260 1736 264 1742 ·
296 1694 809 1798 ΚωμῳδοποιοίἀρχαίοιῖἛπίχ·

252 1822 377 1900 Κρατίν.
391 1819 474 1897 ΔΕὔπ.
487 1822 555 1899 Ἀρ.
573 1821 704 1901 Φερεκρ.
718 1822 809 1901 Κράτ.

250 1929 365 1994 Πλάτ.

356 2034 495 2100 Cratetis
528 2037 655 2116 nomen,
687 2034 773 2118 quod
801 2035 833 2098 in
862 2032 971 2099 tabula
1002 2032 1032 2096 M
1061 2031 1162 2114 deest,
1197 2053 1217 2098 a
1247 2032 1426 2117 Lagardio,

248 2143 402 2225 Usenero,
427 2141 566 2207 Obristio
590 2149 723 2227 propter
745 2147 761 2208 t
782 2139 933 2206 traditum
952 2145 1038 2204 reete
1054 2137 1199 2204 additum
1217 2139 1325 2222 facile,
1351 2162 1424 2208 eum

248 2249 451 2314 Pherecratis
467 2267 582 2313 nornen
597 2247 779 2330 antecedat,
789 2314 792 2318 ,
804 2246 927 2312 librarii
952 2267 1057 2312 errore
1074 2247 1223 2312 omissum
1242 2266 1313 2313 esse
1329 2267 1424 2313 neruo

248 2357 390 2439 negabit.
437 2356 475 2420 In
493 2371 652 2440 anonymo
672 2356 699 2420 si
714 2375 778 2421 non
794 2353 907 2422 eodem
924 2353 1035 2419 ordine
1052 2355 1238 2436 enumerati,
1263 2361 1297 2419 at
1314 2361 1424 2421 tamen

246 2462 360 2542 eadem
389 2462 458 2528 fere
485 2463 613 2530 nomina
636 2469 806 2528 occurrunt
829 2469 965 2546 excepto
992 2467 1116 2526 tanturn
1140 2461 1285 2527 Platonis
1309 2469 1343 2526 et
1365 2462 1423 2528 ad·

247 2570 324 2636 ditis
347 2570 507 2656 Magnetis
530 2575 563 2636 et
586 2567 762 2654 Phryniebi
785 2569 975 2634 nominibus.

256 2753 259 2760 ,
360 2676 508 2743 Mediae
532 2675 717 2742 comoediae
741 2683 857 2760 poetae
881 2676 1075 2761 praebentur

379 2785 412 2849 in
436 2784 523 2850 tabb.
548 2785 636 2857 Met
660 2783 685 2848 0
1026 2783 1068 2848 ab
1091 2801 1249 2868 anonymo

254 2959 259 2974 ,
291 2893 393 2972 μέσης
417 2873 639 2976 κωμῳδίαςῇ·
662 2887 806 2970 Ἀντιφά-
905 2891 1097 2970 Ἀντιφάνης
1121 2892 1171 2955 καί
1195 2892 1370 2971 στέφανος.

245 3019 323 3081 νης,
339 2997 463 3078 Ἄλεξις
488 2999 639 3080 Θούριος.
832 2963 835 3084 ί

352 3107 414 3171 Ριο
439 3106 615 3188 στέφανος,
640 3104 725 3188 quod
743 3111 846 3172 ortum
870 3106 911 3171 sit
934 3105 1056 3170 librarii
1080 3125 1196 3188 errore,
1221 3106 1311 3170 cuins
1335 3107 1421 3171 eonii

246 3212 288 3279 ad
313 3213 412 3278 verba
435 3213 602 3295 sequentia
626 3211 818 3292 Ἀντιφάνης
843 3214 900 3292 μὲν
931 3211 990 3277 οὖν
1014 3213 1183 3292 Στεφάνου
1216 3213 1421 3290 aberrabant,

244 3322 309 3387 iam
333 3321 461 3385 Dobree
485 3319 591 3405 posuit
614 3319 748 3398 Ἀλεξις.
796 3320 854 3386 lllo
884 3339 990 3384 errore
1022 3321 1125 3402 simul,
1155 3339 1210 3384 cur
1233 3326 1305 3405 post
1329 3321 1420 3386 Anti·

244 3426 361 3512 phanis
384 3427 483 3494 vitam
507 3420 623 3493 lacuna
647 3425 722 3510 hiet,
753 3426 942 3512 explicatur,
972 3447 1067 3509 quarn
1092 3427 1259 3493 Kaibelius
1282 3427 1325 3494 ad
1349 3428 1420 3494 Sui-

245 3534 307 3614 dae
331 3533 431 3602 fidem
455 3533 629 3620 supplevit:
653 3533 776 3612 Ἀλεξις
801 3535 836 3599 δὲ
861 3533 1000 3614 Θούριος
1015 3583 1022 3598 .
1037 3580 1044 3595 .
1060 3533 1226 3614 ,δράματα
1254 3537 1289 3599 δὲ
1318 3535 1419 3599 αὐτοῦ

245 3642 303 3712 dt'.
348 3641 420 3719 Qua
436 3639 628 3708 difficultate
648 3641 774 3707 sublata
798 3641 929 3706 tabulae
951 3661 1023 3706 oum
1047 3661 1207 3726 anonymo
1227 3649 1417 3726 congruunt.

351 3749 484 3816 Novae
508 3747 694 3814 comoediae
718 3754 835 3832 poetae
859 3748 1053 3832 praebentur
1132 3801 1134 3806 ,

338 3925 340 3931 ,
431 3852 463 3918 in
487 3853 560 3922 tab,
577 3853 610 3918 M
1024 3853 1066 3918 ab
1092 3872 1251 3937 anonymo

288 3961 364 4038 νέας
403 3961 571 4044 κωμῳδίας
606 3963 632 4024 ἒ.
680 3960 803 4024 Μέναν-
903 3961 1065 4043 Φιλήμων,
1091 3961 1292 4039 Μένανδρος,
1323 3963 1419 4044 Δίφι-

244 4072 333 4150 δρος,
350 4067 553 4149 Φιλιππίδης,
579 4067 730 4147 Δίφιλος,
751 4068 803 4132 Φι-
859 4070 926 4148 λος,
960 4067 1163 4149 Φιλιππίδης,
1199 4068 1417 4136 Ποσείδιπ-

244 4175 363 4253 λήμων,
388 4174 645 4254 Ἀπολλόδωρος.
829 4192 831 4270 ι
858 4195 944 4256 πος,
969 4175 1227 4254 Ἀπολλόδωρος.
1465 4169 1471 4180 ’

437 4281 467 4345 in
492 4282 608 4347 tabe
829 4281 831 4347 ί

288 4389 364 4468 νέας
381 4390 416 4452 δὲ
432 4389 457 4452 ἓ.
483 4389 563 4458 Μέν.
577 4390 707 4460 Φιλιππ.
721 4389 802 4469 Δίφ.
829 4359 831 4440 ί

242 4496 356 4576 Φιλήμ.
381 4483 690 4579 (Ἀπολλόδωρος).Ι
828 4441 831 4582 ί
