3118 5044
704 669 747 736 II.

251 825 278 886 l.
315 823 350 887 In
375 823 466 887 noris
491 821 760 888 chrestomathiae
785 822 929 907 vestigiis
953 822 1160 905 inquirendis·
1175 823 1310 908 primum

139 929 236 1005 viam,
262 948 357 1010 quam
383 929 548 994 Kaibelius
571 930 734 1014 ingressus
758 937 816 1011 est,
842 930 931 1011 sequi
955 950 1131 1014 possumus.
1168 931 1217 995 De
1234 951 1312 995 ano·

138 1055 236 1120 nymo
269 1039 341 1115 περὶ
369 1039 548 1122 κωμῳδίας,
584 1057 645 1119 quo
675 1039 801 1103 nomine
829 1038 912 1102 iuter
936 1058 1044 1102 omnes
1073 1047 1166 1104 notus
1194 1038 1312 1118 cst.(II

139 1142 267 1218 Kaibel,
292 1144 341 1207 111
367 1144 530 1221 Dnebner)
555 1144 635 1209 dicit
659 1144 747 1210 Com.
772 1145 826 1209 Gr.
852 1144 891 1208 ir.
917 1146 985 1228 pti
1009 1144 1100 1209 adn:
1127 1145 1312 1230 „Commen-

140 1251 287 1315 tarioium
313 1250 374 1316 hoe
399 1252 484 1315 haud
509 1252 605 1317 dubie
622 1245 665 1316 'ex
689 1253 864 1316 litterariae
881 1251 1033 1317 historiae
1051 1251 1239 1337 compendio
1256 1252 1312 1316 ati-

140 1379 203 1442 quo
227 1359 296 1423 sire
320 1358 426 1424 Proeti
454 1357 486 1422 id
520 1360 582 1424 tuit
612 1358 681 1424 sive
710 1360 812 1424 simile
843 1358 929 1423 aliud
955 1367 1140 1443 excerptum
1169 1357 1258 1424 esse“
1276 1362 1312 1438 1).·

139 1467 254 1547 Neque
279 1485 353 1530 vero
378 1466 432 1530 ilie
456 1467 575 1550 primus
599 1467 669 1549 init,
706 1467 760 1548 qui
792 1467 902 1547 quanti
931 1465 1081 1530 momenti
1106 1472 1191 1532 esset
1215 1473 1246 1529 et
1270 1463 1312 1529 ad

140 1593 235 1655 quam
261 1572 360 1638 bonos
378 1571 483 1637 fontes
508 1571 626 1637 rediret
653 1573 703 1636 hie
720 1579 886 1648 tractatus,
912 1573 1108 1655 cognoverit.
1149 1572 1199 1636 Ab
1216 1572 1312 1636 omui·

140 1681 212 1762 bus,
236 1681 349 1761 quibus
373 1679 414 1744 de
438 1699 475 1744 eo
501 1678 678 1745 disserendi
702 1681 830 1744 occasio
848 1677 994 1753 dabatur,
1020 1677 1146 1742 laudem
1169 1677 1309 1742 debitam

140 1787 278 1870 accepit.
319 1786 413 1851 Velut
438 1786 638 1852 aMcinekio
664 1785 942 1870 „accuratissimus
966 1787 1105 1868 scriptor
1128 1792 1160 1849 et
1184 1784 1313 1868 optimis

141 1894 326 1959 auctoribus
342 1893 436 1958 usus“
456 1894 646 1978 appellatur.
675 1894 829 1959 Similiter
842 1893 961 1976 Bergk,
979 1893 1156 1958 Comment.
1174 1891 1215 1956 de
1231 1912 1311 1956 com.

142 2001 209 2064 Att.
221 2022 248 2064 a.
261 2001 350 2082 reliq.
366 2021 396 2085 p.
407 2001 487 2082 2693
505 2001 639 2081 Lorenz,
651 1999 760 2064 chcn
774 1999 976 2066 u.Schritten
988 1999 1019 2064 d.
1030 1998 1312 2084 KoersEpieharm

140 2129 173 2192 p.
189 2108 243 2188 143
260 2107 375 2172 Fielitz
391 2108 441 2172 De
454 2109 632 2172 Atticorum
650 2107 816 2172 comoedia
834 2107 985 2191 bipartita
1002 2107 1091 2170 Bonn
1111 2107 1195 2172 1866
1212 2127 1243 2189 p.
1255 2105 1312 2186 293

142 2214 355 2279 Wilamorritr.
374 2215 480 2279 Herm.
498 2215 560 2279 vol.
576 2215 623 2278 lX
641 2236 670 2299 p.
685 2215 758 2278 335.
808 2213 872 2279 Sed
891 2220 999 2278 nostra
1021 2215 1158 2278 maxime
1182 2215 1314 2278 interest

141 2320 303 2387 scribendi
321 2321 476 2386 rationem
494 2327 667 2386 memoratu
693 2321 864 2406 praecipue
881 2320 1010 2403 dignam
1028 2340 1108 2386 esse.
1149 2321 1197 2384 Ae
1213 2321 1314 2404 prius·

141 2447 236 2512 quam
261 2429 329 2512 ipse
353 2425 415 2492 hae
440 2427 480 2492 de
505 2448 537 2492 re
561 2427 714 2493 iudicium
738 2427 851 2509 feram,
877 2434 989 2492 testem
1008 2427 1166 2493 dicentem
1184 2426 1313 2508 faciam,

141 2555 235 2618 quem
265 2535 359 2619 plane
390 2537 547 2618 integrum
577 2555 647 2602 esse
671 2556 779 2600 omncs
808 2534 985 2600 concedent
1009 2543 1190 2619 propterea,
1226 2533 1311 2615 quod

142 2641 183 2707 de
208 2648 364 2706 tractatus
388 2643 511 2725 origiue
535 2643 629 2708 aliter
652 2642 773 2708 iudicat
802 2663 841 2707 ac
870 2661 936 2706 nos.
984 2641 1169 2706 Meklerus²
1193 2662 1313 2725 anony-

142 2770 227 2813 mum
243 2750 409 2834 significat
434 2748 495 2814 his:
525 2751 580 2827 „Iu
598 2750 683 2815 ihrer
699 2756 900 2833 pragnarrteu
920 2747 1183 2831 Gedrungcnheit
1208 2749 1312 2812 bieten

142 2854 229 2920 diese
261 2855 465 2939 wortkargen
491 2856 612 2922 Urteile
643 2857 721 2921 tiber
748 2855 806 2922 das
831 2855 1047 2921 Wesentiiche
1080 2854 1136 2919 der
1160 2855 1313 2939 Epoclren

142 2962 205 3027 und
231 2961 284 3027 die
307 2963 463 3046 Eigenart
488 2962 545 3027 der
569 2963 785 3028 Meister...
804 2962 883 3046 jede
907 2962 1067 3045 mdgtiohe
1093 2963 1233 3028 Gerrdhr
1257 2960 1314 3026 der

142 3070 332 3152 Herieituug
348 3090 406 3134 aus
422 3069 606 3135 trefflichen
629 3067 873 3154 Ursprttngcn“;
898 3077 995 3152 atque
1018 3091 1049 3154 p.
1067 3071 1106 3133 41
1127 3071 1312 3153 scriptorem

96 3261 101 3267 .
142 3183 284 3241 nostrum
311 3175 391 3260 ,deu
408 3178 536 3242 Meister
553 3177 610 3243 des
634 3177 886 3261 kompendittsen
900 3176 1134 3261 Lapidar·stiis“
1161 3178 1312 3241 nominat.

142 3283 236 3362 Quod
261 3283 301 3348 de
325 3305 484 3369 anonymo
508 3284 659 3350 iudicium
685 3306 756 3350 eum
781 3306 819 3350 eo
844 3285 1013 3365 consentit,
1039 3283 1124 3365 quod
1150 3283 1191 3349 de
1207 3284 1312 3348 Procli

142 3390 303 3456 scribendi
334 3391 456 3458 ratione
481 3392 625 3457 fecimus.
673 3392 835 3457 Orationis
861 3392 1050 3490 brcqitatem
1075 3400 1106 3455 et
1133 3390 1313 3474 dispositio·

141 3518 224 3578 nem,
249 3517 341 3580 quam
367 3499 399 3562 iu
424 3499 537 3564 Proeto
562 3501 780 3583 cognorimus,
815 3500 911 3563 etiam
937 3498 988 3563 hic
1012 3498 1201 3578 invenimus,
1235 3517 1313 3579 quas

143 3606 277 3670 virtutes
301 3627 363 3669 non
388 3608 567 3690 excerptori
593 3606 770 3672 tribuimus.
818 3607 1014 3691 Excerptum
1038 3611 1161 3669 tantum
1192 3606 1223 3668 in
1248 3625 1313 3668 ma-

142 3713 236 3776 nibus
271 3733 328 3777 nos
358 3713 476 3778 habere
509 3714 561 3778 vix
592 3714 656 3779 dici
686 3735 765 3798 opus
796 3722 854 3778 est.
901 3713 938 3776 In
967 3713 1080 3777 Proclo
1114 3713 1313 3796 potissimum
1418 3739 1420 3743 ·

143 3819 347 3904 premendum
387 3828 435 3884 est
472 3821 602 3904 genuini
642 3822 713 3885 tibri
753 3821 991 3907 proprietatem,
1032 3819 1314 3902 quotienscumque

143 3926 393 3991 chrestomathia
426 3930 588 4012 exscripta
621 3939 679 4010 est,
713 3936 818 3992 tamen
850 3928 968 4010 ubique
1001 3926 1096 3991 facile
1127 3926 1313 4008 recognosci

143 4052 252 4118 posse;
288 4035 377 4098 cuius
407 4035 452 4099 rei
481 4035 627 4119 exemplo
658 4041 731 4100 sunt
756 4033 861 4099 Photii
888 4039 1056 4117 excerpta3
1092 4052 1196 4114 neque
1229 4033 1313 4096 enim

143 4193 355 4200 ——.——-

250 4280 260 4317 ¹
280 4282 317 4335 cf.
337 4281 409 4348 Leo,
428 4280 641 4336 (aneon-Rem.
665 4283 847 4353 Biographie
866 4299 894 4352 p.
908 4282 950 4335 31.

250 4363 323 4419 2Ζιι
343 4367 400 4420 den
421 4365 621 4422 Nachrichten
642 4369 718 4422 iiber
738 4369 786 4423 die
803 4367 1151 4438 griechischeKomddie
1170 4366 1262 4430 (Com.
1283 4368 1313 4420 in

144 4457 289 4511 honorem
307 4455 348 4510 lo.
368 4454 494 4509 Vahleni
515 4455 614 4523 script.
637 4454 715 4521 1900)
735 4471 763 4520 p.
775 4455 818 4508 43.
