3118 5044
616 339 789 395 ..31-

110 526 315 604 εὐτραπέλου
328 525 494 604 γενόμενοι
511 522 648 600 Ζηλωταὶ
661 520 738 598 τοὺς
751 519 881 598 ἀγῶνας
894 519 1027 585 ἐποίουν
1043 530 1076 587 ct
1088 525 1155 591 cius
1172 535 1288 613 poetae

111 632 320 699 nominantur
330 630 542 716 Epicharmus
558 629 691 710 Magnes
705 626 851 691 Cratinus
864 617 1075 694 Pherecrates
1088 631 1288 719 Phrynichus

112 741 251 826 Eupolis
264 738 505 822 Aristophanes.
545 736 613 801 Illis
631 740 737 798 autem
756 733 861 822 verbis
879 753 940 796 uou
965 734 1098 818 antiqua
1123 744 1289 809 comoedia

112 846 176 912 sed
193 845 367 931 primordia
382 843 583 910 definiuntur.
623 843 738 924 Neque
763 840 843 905 haec
867 842 995 906 uomina
1018 844 1050 907 iu
1073 844 1289 916 definitionem

114 953 288 1037 quadrant.
344 953 461 1020 Nescio
485 973 525 1015 au
550 950 611 1015 hoe
634 949 834 1034 potissimum
858 950 1008 1034 anonymi
1033 969 1138 1019 errore
1162 959 1289 1040 probari

114 1061 221 1146 possit
254 1080 326 1125 eum
353 1061 466 1125 ambas
499 1057 602 1122 Procli
637 1056 799 1122 versiones
831 1061 906 1120 ante
939 1057 1048 1122 oculos
1078 1059 1227 1129 habuisse
1259 1073 1291 1131 ct

115 1169 332 1253 perturbasse.
382 1163 586 1249 Peragrapho
615 1163 698 1229 enim
729 1161 871 1228 secunda
899 1162 978 1228 dicit
1008 1172 1072 1230 tres
1105 1171 1291 1238 comoediae

118 1274 271 1360 periodos
294 1282 418 1340 extare:
450 1272 604 1349 γεγόνασι
627 1273 662 1335 δὲ
686 1271 857 1350 μεταβολαὶ
881 1272 1050 1354 κωμῳδίας
1074 1278 1173 1355 τρεῖς·
1198 1280 1291 1359 καὶὴ
1362 1323 1364 1330 ,

117 1385 178 1462 μὲν
201 1381 326 1463 ἀρχαία,
356 1381 375 1459 ἡ
400 1381 435 1444 δὲ
459 1380 527 1456 νέα,
557 1378 576 1456 ἡ
601 1379 636 1442 δὲ
667 1378 758 1455 μέση.
807 1375 932 1441 Deinde
956 1379 1107 1461 antiquae
1132 1381 1293 1450 defiuitio-

117 1510 193 1555 nem
211 1489 329 1562 tribuit,
354 1508 436 1570 quae
453 1485 621 1551 dumtaxat
640 1483 822 1570 primordiis
839 1486 998 1567 convenit,
1023 1488 1140 1554 talibus
1157 1491 1293 1559 fortasse

119 1595 228 1660 verbis
253 1594 418 1680 deceptus,
445 1597 553 1678 qualia
575 1600 606 1662 iu
631 1600 754 1665 scholio
779 1600 946 1666 Platonico
972 1604 1099 1663 extant:
1134 1599 1293 1680 πρότερον

120 1703 180 1781 μὲν
196 1705 260 1767 κτλ.
298 1703 471 1769 Comoedia
488 1705 592 1770 inedia
609 1706 763 1772 definitur
780 1707 842 1772 his:
867 1711 924 1786 τῆς
942 1708 977 1770 δὲ
1001 1706 1101 1783 μέσης
1126 1709 1294 1789 κωμῳδίας

119 1809 152 1874 οἱ
169 1811 297 1887 ποιηταί
313 1811 503 1892 πλάσματος
523 1816 581 1892 μὲν
602 1815 661 1894 οὐχ
678 1815 806 1894 ἥψαντο
822 1817 998 1893 ποιητικοῦ,
1024 1813 1076 1876 διὰ
1093 1814 1128 1877 δὲ
1144 1817 1201 1891 τῆς
1219 1829 1294 1879 συν-

120 1917 222 1996 ήθους
248 1916 352 1995 ἰόντες
378 1921 490 2000 λαλιᾶς
515 1923 644 2001 λογικὰς
669 1923 782 2002 ἔχουσι
806 1923 864 2000 τὰς
889 1921 1015 2000 ἀρετάς,
1046 1919 1131 1984 ὥστε
1155 1922 1295 1986 σπάνιον

121 2025 288 2102 ποιητικὸν
312 2023 392 2089 εἶναι
416 2034 598 2107 χαρακτῆρα
621 2028 696 2109 παρ’
719 2030 847 2108 αὐτοῖς·
873 2031 1148 2107 κατασχολοῦνται
1165 2029 1201 2091 δὲ
1217 2028 1295 2093 πάν-

122 2152 177 2209 τες
200 2133 271 2210 περὶ
294 2131 352 2210 τὰς
377 2134 559 2214 ὑποθέσεις.
607 2135 696 2214 Quae
719 2136 922 2203 definitio-in
948 2135 1083 2201 mediam
1108 2156 1171 2200 nou
1193 2137 1296 2220 magis

124 2259 219 2322 quam
247 2240 279 2302 in
302 2260 417 2304 novam
442 2242 641 2308 comoediam
666 2243 825 2326 quadrare
849 2244 925 2308 mihi
950 2243 1077 2309 videtur
1101 2243 1156 2316 (cf.
1184 2243 1296 2309 Fielitz

124 2347 146 2411 l.
164 2345 185 2410 l.
209 2366 239 2430 p.
258 2346 324 2428 30),
348 2366 451 2429 neque
474 2348 605 2414 fortuito
628 2371 731 2416 novae
756 2350 979 2416 definitionem
1003 2351 1036 2414 iu
1060 2369 1218 2434 anonymo
1243 2350 1297 2415 de·

126 2473 196 2519 esse
220 2453 366 2518 existimo
381 2457 415 2534 ¹).
462 2456 657 2542 Principium
682 2457 853 2542 partiendi,
885 2477 946 2540 quo
971 2477 1044 2522 usus
1069 2463 1128 2539 est,
1159 2455 1192 2521 id
1217 2464 1296 2540 crat,

127 2560 212 2643 quod
235 2562 268 2625 iu
292 2561 429 2629 Tzetzae
453 2569 593 2630 tractatu
620 2568 669 2630 Pa
693 2567 742 2632 ΙΙΙ
766 2565 947 2630 adhibitum
972 2564 1123 2630 vidimus:
1152 2549 1223 2646 ίίλη,
1248 2566 1297 2644 μέ-

126 2689 212 2747 τρον,
236 2667 412 2752 διάλεκτος,
438 2673 600 2751 διασκευή.
647 2673 716 2738 Etsi
743 2672 804 2738 hoc
834 2669 991 2758 partiendi
1019 2670 1113 2737 modo
1137 2672 1297 2756 utebatur,

128 2775 373 2856 bipertitionem
399 2779 533 2863 recepit3
558 2788 726 2863 praeterea
742 2781 893 2862 antiquae
914 2777 1098 2845 comoediae
1115 2778 1299 2862 primordio-

128 2903 195 2947 rum
232 2882 453 2950 definitionem
486 2884 577 2950 dedit
612 2893 644 2950 et
676 2888 827 2969 antiquae
862 2885 1023 2970 propriam
1056 2887 1151 2970 plane
1183 2888 1299 2952 omisit.

130 2989 199 3068 Qua
223 2986 463 3075 perturbatione
480 2991 699 3058 demonstrata
714 2993 818 3058 Procli
835 2993 946 3058 ambas
963 2992 1125 3058 versiones
1141 3014 1299 3078 anonymo

130 3104 257 3182 praesto
282 3097 380 3163 fuisse
403 3099 589 3182 probavisse
612 3098 690 3164 mihi
716 3098 835 3164 videor.

236 3206 266 3269 2.
303 3204 338 3270 Si
370 3207 561 3271 comicorum
594 3206 742 3288 indicem,
776 3207 830 3290 qui
860 3206 901 3271 ab
931 3225 1090 3290 anonymo
1120 3206 1300 3290 praebetur,

132 3312 368 3397 perlustramus
400 3312 540 3378 iudicum
565 3314 689 3379 illorum
714 3333 959 3395 commonemur,
989 3313 1042 3394 qui
1067 3314 1158 3378 nobis
1181 3313 1300 3378 servati

132 3427 202 3485 sunt
226 3418 390 3484 codicibus
406 3420 699 3486 Montefalcouiano
724 3427 756 3484 et
774 3419 961 3501 Bodleiano,
986 3438 1065 3501 quos
1089 3419 1301 3486 conferendos

134 3547 201 3591 cum
225 3548 384 3612 anonymo
408 3528 500 3593 iussit
523 3527 608 3592 idem
634 3527 800 3593 Kaibelius
824 3529 855 3591 iu
881 3527 1087 3592 annotatione
1112 3527 1178 3607 illa,
1206 3547 1300 3608 quam

134 3655 226 3719 snpra
259 3633 470 3700 laudavimus.
518 3633 605 3711 Quas
638 3635 765 3700 tabulas
799 3639 978 3720 postremus
1005 3631 1108 3697 edidit
1140 3639 1173 3697 et
1201 3633 1302 3698 fusius

135 3742 283 3806 tractavit
307 3739 344 3805 0.
372 3740 584 3822 liroehuertf,
613 3742 666 3823 qui
690 3749 723 3806 et
747 3741 817 3825 ipse
840 3739 1090 3820 similitudinem,
1115 3760 1196 3822 quae
1220 3741 1303 3805 iuter

136 3869 239 3913 carum
264 3855 295 3912 et
320 3846 470 3930 aururymi
485 3847 683 3912 'comicorum
710 3846 847 3911 indicem
872 3845 1052 3926 intercedit,
1077 3845 1303 3911 animadvertit

136 3955 188 4020 sed
217 3974 373 4036 quaenam
403 3955 444 4018 sit
473 3953 564 4018 huius
588 3973 759 4018 consensus
783 3973 881 4018 causa
910 3952 1164 4034 conquaesivit.
1212 3953 1303 4017 Post·

138 4083 226 4145 quam
251 4081 442 4145 anonymum
467 4059 509 4124 ad
534 4061 639 4126 Procli
668 4059 948 4125 chrestomathiam
979 4059 1083 4124 redire
1109 4058 1303 4123 demonstra·

241 4327 335 4383 ¹Nou
356 4327 476 4396 quidem
497 4329 604 4396 ignoro
626 4336 692 4397 post
713 4344 740 4380 v.
760 4327 792 4380 61
814 4327 952 4381 lacunam
973 4326 1002 4378 in
1023 4331 1109 4379 textu
1131 4325 1222 4379 hiarc.

239 4416 251 4452 ²
270 4416 448 4471 Canonusne
467 4423 623 4486 poetarum
648 4418 827 4486 scriptorum
848 4417 999 4469 artificum
1018 4431 1073 4484 per
1093 4414 1304 4482 antiquitatem

141 4504 278 4562 fuerunt?
316 4506 392 4560 Diss.
415 4507 528 4576 Regim.
552 4505 627 4560 1897.
