3118 5044
747 285 922 349 -1g'-

252 470 469 552 δαφνηφόρος
499 471 657 551 ἑπόμενος
685 479 742 551 τῆς
770 473 898 553 δάφνης
927 473 1113 556 ἐφάπτεται,
1148 474 1206 552 τὰς
1236 475 1295 552 μὲν
1323 474 1426 552 κόμας

251 580 448 660 καθειμένος,
485 583 631 658 χρυσοῦν
659 582 694 644 δέ
722 583 890 660 στέφανον
916 582 1030 660 φέρων
1057 583 1108 645 καὶ
1132 582 1280 659 λαμπράν
1304 581 1428 658 ἐσθῆτα

252 686 376 765 ποδήρη
411 687 644 766 ἐστολισμένας
678 688 879 768 ἰφικρατίδας
911 709 946 753 τε
976 690 1228 767 ὑποδεδεμένος·
1264 689 1291 771 ᾧ
1327 690 1429 767 χορός

252 794 423 871 παρθένων
450 795 672 877 ἐπακολουθεῖ,
707 797 887 874 προτείνων
917 799 1044 875 κλῶνας
1069 797 1152 874 πρὸς
1175 796 1336 873 ἱκετηρίαν
1359 799 1428 858 τῶν

117 983 118 986 ¹
228 897 377 978 οὕμνων·
402 902 613 980 παρέπεμπον
636 904 672 966 δὲ
694 905 753 980 τὴν
774 904 1005 982 δαφνηφορίαν
1028 903 1074 980 εἰς
1093 901 1300 979 Ἀπόλλωνος
1327 903 1428 979 Ἰσμη-

253 1007 324 1071 νίου
348 1007 406 1072 τοῦ
432 1010 594 1075 Γαλαξίου.

360 1129 389 1193 3.
440 1128 605 1195 Scholium
641 1130 684 1195 ad
720 1131 850 1196 Eusebii
882 1133 1163 1216 Praeparaiionem
1195 1129 1427 1212 Euangelieam

253 1256 285 1320 p.
301 1235 376 1300 39d
404 1235 517 1321 Steph.
547 1239 590 1302 af.
620 1237 696 1304 edit.
725 1239 876 1303 Dindorf.
905 1239 1044 1323 praefat.
1074 1259 1105 1322 p.
1123 1238 1160 1302 V.
1213 1236 1306 1314 Quod
1336 1237 1428 1302 seho-

253 1342 328 1406 Iium
353 1344 384 1407 in
409 1344 522 1408 eodem
547 1344 667 1410 codice.
678 1345 824 1410 Parisino
839 1348 916 1427 451,
941 1366 1003 1428 quo
1026 1345 1181 1410 acholium
1195 1344 1428 1408 Clementiana]

214 1475 240 1513 ιο
252 1457 342 1514 σκιαί
366 1467 470 1533 neque
486 1453 562 1534 quin
579 1459 612 1517 at
623 1454 733 1538 ¹ipsum
751 1455 793 1518 ab
806 1453 928 1518 Aratha
944 1452 1142 1538 adscriptum
1160 1452 1202 1516 sit
1218 1451 1349 1515 dubium
1367 1459 1426 1516 esi.

360 1571 451 1651 (τοὺς
474 1573 547 1651 περὶ
570 1574 629 1636 τόν
653 1574 765 1638 έπικόν
789 1573 989 1652 καλούμενον
1017 1574 1134 1638 κύκλον
1158 1572 1295 1651 ποιητάς
1319 1573 1429 1650 λέγει.)

254 1674 351 1755 οὗτος
376 1678 394 1741 ό
419 1679 528 1758 έπικός
552 1679 750 1758 καλούμενος
775 1681 890 1760 κύκλος
915 1679 1044 1759 ἄρχεται
1068 1682 1125 1758 μέν
1148 1680 1184 1743 ἐκ
1204 1683 1262 1757 τῆς
1286 1679 1429 1757 ούρανοῦ

253 1786 304 1848 καί
328 1791 388 1863 γῆς
408 1786 521 1864 μίξεως
543 1789 836 1878 μυθολογουμένης,
861 1789 912 1850 καὶ
928 1791 1122 1866 περατοῦται
1138 1785 1428 1865 συμπληρούμενος

253 1890 288 1954 ἐκ
306 1892 475 1971 διαφόρων
488 1899 632 1970 ποιητῶν
647 1895 737 1973 μέχρι
754 1899 811 1972 τῆς
828 1895 872 1972 εἰς
887 1894 1009 1970 Ἰθάκην
1021 1893 1216 1973 ἀποβάσεως
1228 1893 1428 1972 Ὀδυσσέως,

216 2023 241 2060 ιι
255 1999 291 2061 ἐν
314 2000 333 2082 ᾗ
357 2000 409 2063 καί
432 1999 497 2063 ύπό
520 2003 578 2064 τού
602 2003 719 2078 παιδός
733 2002 918 2078 Τηλεγόνου
943 2000 1163 2079 ἀγνοούμενος
1181 1999 1226 2077 ιίις
1251 2000 1355 2077 πατὴρ
1379 1997 1428 2075 εἴη

254 2126 415 2170 κτεινεται.

362 2305 431 2359 Var.
444 2305 538 2362 lect.‘2
557 2308 720 2373 καθειμένας
735 2307 762 2360 Μ
775 2309 787 2375 ΙΙ
800 2307 816 2360 3
829 2306 1043 2380 ἐπικρατίδαςᾼ
1056 2307 1068 2374 ΙΙ
1082 2307 1116 2360 13
1129 2311 1226 2372 μυθολ.
1241 2306 1340 2372 μίξεως
1350 2305 1407 2358 ΑΜ
1426 2303 1429 2359 ί

256 2395 289 2446 14
300 2395 331 2446 ἐκ
344 2396 421 2460 διαφ.
434 2412 529 2461 ποιητ.
542 2399 645 2460 συμπλ.
657 2396 682 2449 Α
699 2398 704 2462 Ι
721 2397 799 2462 μέχρι
810 2401 862 2461 τῆς
872 2397 953 2460 ἀποβ.
963 2397 1020 2450 'Oia
1031 2401 1082 2461 τῆς
1095 2396 1134 2460 είς
1147 2395 1225 2449 Ἰθύκ.
1236 2394 1263 2448 Α
1275 2395 1287 2462 ΙΙ
1301 2395 1335 2448 15
1348 2395 1428 2458 ἀγνο-

256 2488 357 2547 οῦντος
375 2482 423 2554 ΑΙ
440 2486 479 2547 ὡς
495 2487 589 2550 πατὴρ
609 2487 653 2551 ελη
673 2501 730 2539 om.
745 2484 771 2537 A

361 2689 393 2751 4.
430 2686 553 2752 Adsero
577 2687 707 2752 brevem
732 2694 950 2772 aonspaatum,
977 2706 1069 2768 quam
1093 2686 1233 2752 Michael
1257 2687 1392 2753 Italicus
1403 2691 1427 2768 ¹)

255 2794 286 2857 in
317 2794 455 2877 epistula
482 2793 524 2858 ad
554 2794 712 2859 medicum
742 2794 864 2879 scripta
894 2815 911 2859 e
940 2795 1050 2880 primIs
1078 2793 1202 2860 duobus
1233 2793 1427 2860 chrestoma-

256 2899 342 2965 thiae
367 2901 456 2967 libris
480 2903 666 2986 composuit.
715 2902 804 2980 Quae
821 2903 959 2987 epistula
982 2901 1118 2987 primum
1143 2901 1232 2968 edita
1255 2910 1304 2966 est
1320 2901 1428 2966 aCra-
1465 2981 1470 2991 ,
1539 2985 1544 2994 ἱ

256 3028 342 3074 maro
377 3008 501 3075 Anaed.
531 3009 633 3075 Οκοιι.
663 3011 726 3074 vol.
752 3010 801 3076 III
830 3031 861 3094 p.
887 3011 948 3074 158
976 3030 1046 3092 sqq.
1082 3011 1140 3075 sub
1173 3030 1304 3075 numero
1335 3009 1427 3074 XXI.

256 3115 471 3200 Conspectum
494 3116 582 3182 iIIum
607 3137 625 3182 e
649 3117 900 3182 chrestomathia
917 3123 1077 3201 sumptum
1094 3137 1165 3183 esse
1181 3117 1332 3200 cognovit
1349 3116 1427 3181 Use-

256 3242 349 3288 nerua
373 3221 477 3312 (Mus.=
493 3223 596 3288 Rhea.
622 3224 684 3289 voI.
710 3225 856 3290 XXVIII
882 3223 992 3308 [1873]
1017 3246 1047 3309 p.
1064 3225 1154 3304 414).

363 3351 394 3415 p.
411 3331 473 3395 189
491 3330 675 3411 (01·amer.):
700 3332 747 3395 Τὰ
771 3332 943 3410 Φημονόης
968 3332 1008 3395 ἄν
1032 3347 1085 3395 σοι
1109 3336 1275 3410 διεξῆλθον
1299 3329 1428 3408 καὶΔη-

257 3440 337 3516 μοῦς
365 3441 422 3516 τῆς
450 3443 665 3518 γραμματικῆς
695 3444 752 3517 τῆς
783 3442 840 3518 μὲν
870 3440 949 3518 ἔπος
978 3438 1138 3517 εὑρούσης
1171 3443 1229 3518 τῆς
1253 3440 1288 3502 δὲ
1312 3438 1427 3515 τέχνας

257 3546 544 3625 συγγραψαμένης·
580 3544 672 3610 εἷπον
706 3547 746 3610 ἂν
775 3549 825 3611 καὶ
852 3549 938 3625 τίνες
967 3549 1024 3624 μὲν
1056 3549 1113 3610 τού
1142 3545 1241 3622 ἔπους
1274 3546 1428 3622 γεγόνασι

257 3650 421 3729 κράτιστοι
453 3655 591 3735 ποιηταί,
625 3653 672 3717 ὧν
705 3654 724 3718 ὁ
752 3656 912 3732 Πανίασις
947 3655 1034 3734 (οἱοί)
1069 3654 1317 3733 γνωριμώτατος
1351 3651 1428 3730 μετὰ

256 3756 415 3840 Ὅμηρον·
440 3762 487 3839 τίς
512 3763 547 3826 δὲ
571 3761 589 3826 ὁ
614 3762 743 3840 Ἐπικὸς
767 3761 898 3840 κύκλος·
923 3763 994 3825 τίνα
1011 3763 1045 3826 δὲ
1062 3763 1211 3844 Στασίνιμ
1235 3760 1274 3823 τὰ
1289 3759 1426 3836 Κύπρια·

257 3870 305 3948 τίς
339 3871 374 3932 δὲ
403 3869 422 3947 ἡ
450 3871 559 3949 μελικὴ
590 3871 731 3950 ποίησις,
767 3871 817 3933 καί
845 3869 890 3946 εἰς
915 3869 1004 3932 πόσα
1027 3871 1170 3951 διῄρηται
1194 3867 1244 3929 καὶ
1269 3869 1348 3929 ποία
1371 3865 1429 3943 μὲν

258 3982 315 4055 τῆς
339 3980 468 4055 μελικῆς
493 3977 537 4055 εἰς
561 3977 656 4054 θεοὺς
681 3975 885 4058 ἀναφέρεται,
910 3977 960 4039 καί
985 3976 1108 4051 λέγεται
1124 3972 1224 4051 ὕμνος
1237 3972 1427 4049 Ἀδώνιδος·

259 4085 330 4149 τίνα
353 4085 389 4148 δὲ
412 4084 457 4162 εἰς
481 4083 675 4162 ἀνθρώπους
699 4085 750 4147 καὶ
774 4083 963 4160 ὀνομάζεται
992 4082 1145 4159 ἐγκώμια·
1175 4081 1325 4145 ἐπινίκια·
1354 4094 1428 4143 σκο·

261 4192 323 4256 λιά·
358 4192 469 4270 γίλλος
500 4192 604 4270 (siaI)·
639 4196 765 4270 θρῆνοι·
801 4191 938 4254 ποίοδὲ
963 4189 1076 4252 καὶτὰ
1101 4189 1132 4254 ἐξ
1156 4187 1279 4267 ἀμφοῖν
1303 4187 1427 4263 συγκεί-

368 4452 377 4488 ¹
399 4456 434 4508 ci.
455 4454 545 4522 Trau,
564 4454 690 4524 Byzani.
704 4439 848 4508 'Zeitschn
869 4453 927 4507 vol.
948 4451 987 4506 IV
1006 4451 1098 4518 (1895)
1119 4468 1145 4520 p.
1161 4453 1172 4503 1
1188 4467 1250 4520 sqq.
