3118 5044
711 272 886 326 ‚50-

213 456 320 540 poesis
352 455 523 538 generibus
557 452 792 536 distinguendis
820 473 895 516 usus
922 451 975 517 sit.
1023 451 1050 514 E
1080 451 1160 516 locis
1189 449 1275 534 apud
1305 449 1385 514 Pho·

213 563 291 627 tinm
316 569 348 626 et
371 563 403 625 in
428 561 559 625 scholiis
582 559 840 623 Londinensibus
866 559 1013 638 sannatia,
1049 559 1163 638 quihus
1192 556 1253 620 hae
1282 555 1324 622 de
1352 576 1386 621 re

213 671 330 752 agitur,
359 689 421 732 non
447 668 616 752 perspicue
639 685 796 749 apparere
819 663 1000 745 videbatur,
1030 672 1133 728 utrum
1158 663 1292 731 Proclus
1314 662 1387 727 Pla·

213 777 321 841 tonis¹
350 775 543 859 tripartitam
572 794 613 837 an
638 772 847 836 ΑτίειοίαίίοΞ
876 771 1060 856 bipartitam
1085 770 1270 835 adhibuerit
1292 771 1387 835 ratio-

213 902 296 946 nem.
336 881 442 946 Photii
460 883 504 965 (p.
518 881 594 962 230,
605 880 626 943 2
637 883 721 961 sqq.)
738 878 980 964 etuscholiorum
998 878 1103 942 lecum
1126 881 1170 962 (p.
1181 879 1259 952 450,
1272 875 1388 958 3sqq.)

214 989 411 1054 exscribam:

318 1121 325 1136 ⁴
357 1148 490 1214 Photius
958 1138 1115 1210 scholium

261 1257 316 1320 Καὶ
332 1256 382 1320 ὅτι
397 1261 454 1334 τῆς
474 1259 640 1334 ποιητικῆς
739 1254 913 1331 Ποιήσεως
937 1256 1134 1332 χαρακτῆρες
1157 1255 1255 1332 τρεῖς,
1280 1256 1388 1329 διηγη-
1497 1288 1500 1292 -

214 1365 252 1428 τὸ
281 1365 337 1442 μέν
367 1365 435 1426 ἐστι
461 1368 640 1440 διηγηματι-
696 1361 836 1440 ματικός,
861 1361 1064 1440 δραματικός,
1088 1359 1212 1438 μικτός·
1237 1363 1390 1436 διηγημα·

215 1472 283 1553 κόν,
318 1472 356 1534 τὸ
392 1473 427 1534 δὲ
460 1471 639 1548 μιμητικόν·
696 1468 782 1544 τικός
813 1468 901 1531 ἐστιν
930 1467 949 1530 ὁ
978 1467 1214 1545 κεχωρισμένος
1243 1467 1300 1544 μὲν
1322 1471 1390 1529 τῶν

214 1581 266 1642 καὶ
285 1579 323 1641 τὸ
340 1579 397 1655 μὲν
413 1577 641 1655 διηγηματικὸν
696 1575 981 1653 παρεισαγομένων
995 1573 1195 1654 προσώπων,
1214 1573 1267 1637 ὑπ’
1281 1573 1391 1636 αὐτῶν

216 1685 383 1764 ἐκφέρεται
434 1680 473 1747 δι’
529 1683 641 1764 ἔπους,
697 1683 732 1744 δὲ
754 1687 821 1744 τιῦν
845 1686 988 1758 ποιητῶν
1015 1680 1204 1760 λεγόμενος·
1241 1685 1390 1758 δραματι-

216 1792 330 1871 ἰάμβου
357 1812 392 1855 τε
419 1792 470 1854 καὶ
499 1790 641 1865 ἐλεγείου
697 1789 753 1865 κὸς
778 1789 813 1851 δὲ
837 1786 855 1851 ὁ
880 1788 1116 1867 κεχωρισμένος
1139 1792 1197 1852 τοῦ
1222 1792 1389 1865 ποιητικοῦ

216 1900 267 1962 καὶ
286 1899 419 1977 μέλους·
444 1899 482 1962 τὸ
502 1899 537 1962 δὲ
553 1918 642 1975 μιμη-
697 1895 887 1973 προσώπου,
917 1896 982 1958 ὑπὸ
1009 1897 1045 1958 δὲ
1068 1901 1135 1959 τῶν
1158 1896 1391 1976 παρεισαγομέ·

216 2006 304 2069 τικὸν
321 2006 373 2068 διὰ
388 2006 568 2088 τραγῳδίας
585 2018 641 2067 σα·
697 2023 764 2065 νων
788 2003 976 2079 προσώπων
1000 2003 1188 2080 λεγόμενος·
1219 2003 1327 2081 μικτὸς
1355 2004 1391 2090 δέ

216 2112 323 2190 τύρων
346 2133 380 2176 τε
396 2113 447 2175 καὶ
463 2111 641 2194 κωμῳδίας.
697 2109 716 2172 ὁ
745 2109 777 2176 ἐξ
807 2108 930 2188 ἀμφοῖν
960 2111 1178 2188 συγκείμενος.
1226 2109 1303 2186 Εἴδη
1330 2113 1390 2173 τοῦ

698 2220 923 2295 διηγηματικοῦ
943 2218 993 2279 καὶ
1010 2221 1119 2295 μικτοῦ
1143 2215 1298 2296 τέσσαρα,
1323 2215 1390 2280 ἐπι·

698 2323 765 2404 κόν,
782 2324 974 2404 ἐλεγειακόν,
995 2317 1150 2405 ἰαμβικόν,
1175 2323 1314 2401 μελικόν,
1331 2327 1390 2387 τοῦ

669 2429 672 2496 Ι
699 2434 891 2509 δραματικοῦ
916 2430 983 2507 εἴδη
1007 2433 1088 2511 τρία,
1112 2431 1272 2510 τραγικόν,
1298 2451 1392 2507 κωμι·

669 2503 673 2620 ί
699 2539 767 2626 κόν,
791 2538 975 2616 σατυρικόν.

326 2725 406 2790 Cum
435 2725 625 2791 Κιιίλιολίιια8
659 2727 691 2790 in
725 2745 762 2790 co
792 2725 975 2790 offenderet
1008 2725 1093 2807 quod
1126 2724 1213 2810 apud
1241 2725 1390 2790 Photium

219 2833 388 2919 epcpoeia‚
421 2816 556 2914 iambus,
590 2831 706 2916 elegia,
741 2833 846 2916 poesis
877 2833 980 2916 lyrica
1002 2833 1035 2895 in
1058 2833 1166 2916 poesis
1190 2833 1392 2897 enarrativac

219 2959 336 3022 genere
365 2947 579 3021 numerantur,
614 2939 723 3022 itaque
750 2939 837 3003 illum
866 2939 1074 3021 neglegenter
1098 2940 1297 3025 excerpsisse
1322 2959 1392 3003 cen·

220 3052 316 3128 seret,
351 3045 552 3111 Immischius
576 3046 814 3131 bipertitionem
839 3046 1076 3110 Aristotelieam
1099 3047 1132 3109 in
1156 3045 1300 3110 Platonis
1322 3065 1391 3128 par

223 3153 368 3217 titionem
397 3173 416 3216 a
441 3152 555 3216 Proclo
580 3152 765 3217 translatam
790 3171 860 3217 esse
885 3158 917 3216 et
941 3150 1033 3218 huius
1058 3150 1273 3217 transferendi
1297 3153 1393 3216 vesti-

224 3260 278 3343 gid
303 3280 321 3324 e
345 3258 536 3323 testimoniis
559 3259 694 3324 servatis
711 3278 866 3343 apparere
881 3248 1053 3342 putabat&
1089 3258 1186 3323 Cuius
1202 3259 1393 3323 sententiam

221 3422 434 3430 -——-‹-—·

329 3525 339 3562 ¹
360 3527 396 3578 et.
410 3527 454 3580 rei
468 3525 550 3597 publ.
564 3526 614 3578 lib.
629 3525 672 3578 ΙΙΙ
686 3542 713 3595 p.
728 3525 807 3578 3940
826 3526 843 3590 ἡ
865 3527 915 3590 μὲν
929 3526 974 3578 διὰ
993 3526 1134 3590 μιμήσεως
1153 3527 1204 3591 ὅλη
1224 3525 1308 3590 ἐστίν,
1328 3542 1394 3592 τρα-

222 3615 313 3684 γῳδία
331 3631 362 3668 τε
382 3617 427 3667 καί
446 3614 590 3682 κωμῳδία,
615 3615 632 3679 ἡ
653 3616 683 3666 δὲ
703 3613 738 3667 δι’
758 3614 927 3680 ἀπαγγελίας
950 3615 1038 3667 αὐτοῦ
1067 3620 1118 3666 τοῦ
1141 3621 1274 3680 ποιητοῦ·
1303 3617 1395 3682 εὕροις

224 3705 248 3758 δ’
263 3707 296 3758 ἀν
312 3706 401 3770 αὐτὴν
415 3705 533 3770 μάλιστά
551 3720 608 3757 που
628 3704 658 3756 ἐν
678 3704 868 3770 διθυράμβοις·
889 3704 906 3768 ἡ
927 3703 951 3756 δ’
966 3703 1000 3756 αὖ
1021 3703 1055 3756 δι’
1069 3704 1239 3772 ἀμφοτέρων
1259 3706 1290 3757 ἔν
1307 3721 1339 3756 τε
1358 3711 1394 3772 τῇ

222 3800 282 3847 τών
302 3795 378 3847 ἐπῶν
397 3793 515 3860 ποιήσει,
535 3796 677 3858 πολλαχοῦ
698 3794 728 3844 δὲ
747 3795 792 3846 καί
812 3795 914 3846 ἄλλοθι.

328 3881 340 3918 ¹
354 3889 407 3937 art
420 3888 498 3951 poet.
510 3898 575 3951 cap.
586 3883 602 3934 3
613 3899 640 3953 p.
654 3883 791 3936 1448a20
804 3887 943 3946 μιμεῖσθαι
957 3883 1032 3935 ἔστιν
1046 3885 1094 3935 ὁτὲ
1109 3885 1159 3947 μὲν
1173 3883 1394 3950 ἀπαγγέλλοντα,

223 3974 240 4038 ἢ
267 3974 363 4039 ἕτερόν
386 3990 413 4025 τι
436 3973 609 4038 γιγνόμενον,
640 3973 736 4038 ώσπερ
755 3972 879 4038 Ὅμηρος
898 3978 978 4032 ποιεί.
1007 3974 1025 4037 ἢ
1051 3973 1089 4035 ώς
1112 3973 1163 4025 τὸν
1182 3973 1270 4024 aaron
1293 3973 1395 4042 καὶμὴ

224 4064 440 4128 μεταβάλλοντα,
457 4063 475 4126 ἢ
489 4064 596 4126 πάντας
609 4063 647 4124 ώς
666 4063 845 4128 πράσσοντας
859 4065 904 4114 καί
922 4063 1107 4128 ἐνεργοῦντας
1119 4063 1186 4126 τοὺς
1200 4063 1394 4127 μιμουμένους.

330 4149 342 4186 ³
366 4151 508 4220 Prolegg.
532 4168 559 4220 p.
577 4151 619 4205 29.
660 4150 702 4206 Cf.
731 4153 822 4204 etiam
848 4151 1015 4205 Usenerum
1046 4151 1139 4204 Relat.
1171 4150 1256 4204 acad.
1285 4150 1395 4204 Bavar.

226 4242 294 4296 1892
314 4258 341 4310 p.
356 4241 416 4294 616.

330 4328 378 4384 ⁴1.
396 4331 413 4383 l.
434 4347 461 4399 p.
475 4330 539 4382 261:
569 4330 694 4384 Proelus
722 4330 829 4398 schlug
853 4330 907 4382 das
931 4329 1115 4400 platonischc
1136 4330 1233 4394 μικτόν
1253 4345 1307 4382 zur
1326 4329 1396 4382 Dic-

225 4434 299 4488 gcse
329 4419 391 4472 und
416 4419 584 4473 reduzierte
610 4419 664 4472 das
689 4419 875 4488 platonischc
894 4417 1021 4472 Schema
1045 4420 1102 4471 ιιιιί
1121 4419 1204 4472 diesc
1224 4417 1325 4472 Weise
1344 4419 1398 4473 aui
