3118 5044
699 754 862 836 Vita.

303 1086 406 1152 Natus
439 1105 508 1150 sum
537 1083 719 1150 Fridericus
747 1084 838 1148 Stein
866 1085 898 1148 in
931 1083 1050 1168 oppido
1080 1083 1234 1148 Rhenano
1267 1103 1370 1166 prope

199 1192 365 1259 Coloniam
397 1193 467 1273 sito,
505 1193 555 1256 cui
589 1200 638 1256 est
668 1211 782 1256 nomen
811 1191 908 1273 Kalk,
940 1190 1095 1256 Kalendis
1125 1190 1370 1275 Septembribus

198 1301 273 1366 anni
310 1299 391 1363 1881
430 1305 521 1382 patre
550 1297 664 1362 Carolo
694 1306 795 1362 matre
827 1297 994 1363 Elisabeth
1027 1318 1044 1362 e
1080 1303 1176 1381 gente
1204 1296 1368 1378 NeuhauS,

197 1429 292 1491 quam
326 1412 401 1472 ante
434 1406 491 1471 hos
521 1412 671 1488 quattuor
699 1426 798 1470 annos
831 1411 987 1470 mortuam
1021 1425 1090 1470 esse
1121 1404 1224 1468 doleo.
1274 1403 1368 1469 Fidei

198 1515 349 1580 addictus
372 1533 441 1578 sum
465 1493 694 1596 evangelicae
731 1512 924 1577 Litterarum
949 1512 1113 1577 elementis
1142 1513 1281 1577 imbutus
1310 1533 1369 1596 per

198 1629 271 1688 octo
306 1641 406 1686 annos
441 1621 642 1702 frequentavi
681 1621 883 1704 gymnasium
918 1618 1128 1684 Fridericium
1165 1619 1369 1686 Guilelmium

198 1728 395 1794 Coloniense.

305 1835 388 1900 Vere
413 1833 488 1898 anni
517 1835 597 1898 1901
624 1835 818 1900 maturitatis
834 1834 1016 1900 testimonio
1040 1834 1212 1898 instructus
1226 1835 1369 1898 Bonnam

199 1964 249 2007 me
286 1943 417 2024 contuli,
453 1948 488 2005 ut
520 1941 634 2007 studiis
670 1941 873 2026 philologieis
909 1948 940 2007 et
972 1941 1132 2006 historicis
1164 1962 1215 2006 me
1248 1941 1369 2006 darem.

200 2051 359 2114 Autumno
384 2049 458 2112 anni
483 2050 644 2129 sequentis
662 2049 841 2112 Berolinum
866 2050 1010 2132 migravi,
1037 2047 1089 2112 ubi
1115 2048 1178 2112 duo
1202 2047 1370 2113 semestris

199 2155 499 2221 versatusBonnam
518 2153 610 2220 redii.
658 2155 765 2237 Usque
790 2155 831 2220 ad
856 2175 993 2220 mensem
1010 2155 1158 2219 Martium
1182 2156 1256 2220 anni
1284 2155 1369 2218 1906

201 2264 331 2328 Bonuae
365 2263 476 2327 mansi.
534 2261 827 2327 Exercitationibus
862 2263 1080 2346 grammaticis
1115 2263 1370 2345 archaeologicis

199 2369 429 2454 philosophicis
453 2369 614 2435 historicis
637 2369 778 2434 interfui.
819 2370 957 2434 Berolini
981 2369 1202 2454 proseminarii
1230 2389 1286 2453 per
1306 2369 1369 2433 duo

199 2478 375 2557 semestria,
406 2478 537 2562 Bopnae
566 2477 728 2542 seminarii
758 2475 943 2562 philologici
967 2497 1024 2562 per
1047 2478 1109 2541 tria
1132 2477 1299 2542 semestria
1322 2476 1370 2542 fui

199 2583 329 2650 sodalis.
377 2585 555 2649 Tentamen
579 2586 756 2667 rigorosum
779 2583 832 2648 die
845 2585 938 2648 XXV
962 2586 1078 2649 mensis
1094 2583 1167 2648 Iulii
1191 2584 1265 2648 anni
1285 2583 1369 2649 1906

199 2691 344 2758 sustinui.

307 2799 492 2864 Docuerunt
515 2820 565 2864 me
591 2800 649 2865 viri
673 2799 974 2882 doctissimiDiels,
1000 2799 1109 2876 Gnaei,
1134 2799 1268 2882 Heinze,
1294 2799 1371 2864 Los-
1442 2837 1445 2844 ι

200 2923 267 2987 son,
291 2905 328 2970 E.
353 2903 473 2990 Meyer,
499 2907 538 2970 D.
563 2906 730 2988 Schaefer,
756 2905 841 2972 Guil.
867 2905 1012 2989 Schulze,
1038 2905 1193 2988 Schoene,
1214 2906 1370 2990 Wentzel,

201 3012 241 3076 de
265 3011 725 3079 Wilamow'itz-Moellendorft
750 3013 906 3095 Berolini3
943 3013 983 3078 de
1008 3013 1137 3095 Bezold,
1162 3013 1370 3095 Brinkmann,

201 3118 386 3201 Buecheler,
423 3120 563 3201 clemen,
600 3122 761 3204 Deubner,
798 3121 929 3205 Dyr-off,
967 3120 1139 3202 Erdmano,
1175 3119 1371 3186 Firmenich·

200 3226 363 3308 Richartn,
388 3227 519 3310 Goebel,
544 3229 672 3312 Jaeger,
699 3228 865 3310 Kuentzel,
888 3228 1090 3309 Loeschcke,
1107 3228 1234 3312 Nissen,
1251 3227 1372 3294 Rader-

201 3334 340 3416 macher,
365 3333 480 3416 Rittsr,
505 3334 660 3418 Solmsen,
685 3336 806 3401 Usener
826 3336 857 3419 l,
883 3336 1081 3418 Wentscher·,
1106 3335 1209 3400 Wolff
1229 3337 1371 3400 Bonnae.

308 3439 429 3518 Quibus
453 3443 597 3506 omnihus
621 3441 697 3506 viris
722 3442 859 3524 gratiam
883 3442 986 3507 haheo
1011 3443 1191 3522 maximam,
1216 3442 1372 3527 imprimis

201 3553 308 3614 autem
343 3549 490 3631 Augusto
527 3548 734 3631 Brinlrmann,
774 3568 836 3631 quo
875 3555 1006 3615 auctore
1039 3557 1071 3613 et
1107 3548 1254 3614 adiutore
1289 3548 1372 3614 hanc

202 3654 460 3720 dissertationem
484 3674 534 3719 me
558 3655 774 3739 composuisse
798 3662 891 3738 grato
915 3655 1020 3720 animo
1043 3656 1208 3740 profiteor.
