3118 5044
721 284 896 335 ..40-

225 465 333 541 λάγων
369 466 535 543 ἐμπειρίαν
577 464 726 528 lectionis
760 471 936 548 praecepta
969 463 1087 545 tradit,
1123 462 1165 527 de
1199 465 1320 547 poetis,
1357 463 1403 528 hi·

223 573 360 654 storicis,
384 572 574 653 oratoribus,
599 569 776 636 Socraticis
803 569 950 654 tegendis
975 572 1058 653 agit3
1084 571 1127 634 ct.
1150 592 1182 654 p.
1200 571 1266 634 252
1294 570 1357 634 rot.
1370 571 1404 634 ΙΙ

225 679 345 743 Arnim.
391 677 457 743 Sed
490 677 570 743 haec
605 678 754 762 exempla
786 678 964 743 sufficiant.
1004 677 1153 742 Proetum
1185 698 1257 742 cum
1289 683 1405 762 poetas

224 807 295 850 cum
320 785 500 850 oratoribus
524 792 557 849 et
581 784 742 850 historicis
769 785 812 850 ad
841 784 928 850 idem
951 805 1054 868 genus
1078 786 1238 869 pertinere
1261 791 1403 869 putaret,

224 895 258 957 in
281 891 533 958 chrestomathia
562 894 775 976 grammatica
803 914 867 957 uon
896 899 1009 976 poetas
1036 893 1123 958 solos
1151 899 1312 958 tractasse
1336 893 1403 956 veri

224 1001 418 1066 simillimum
451 1020 522 1066 esse
554 999 691 1064 videtur.

332 1107 423 1185 Quae
455 1108 614 1172 sententia
649 1108 747 1171 etiam
785 1108 890 1189 magis
934 1107 1127 1188 firmabitur,
1165 1107 1192 1172 si
1227 1107 1404 1170 memineri-

225 1236 305 1297 mus,
340 1235 497 1280 canouum
531 1215 722 1298 scriptorem
758 1213 968 1298 philosophos
1002 1213 1159 1278 omisisse.
1210 1214 1247 1279 Si
1275 1213 1329 1277 ille
1365 1233 1399 1276 re

225 1344 302 1387 vera
333 1323 403 1406 ipse
432 1329 576 1386 oratores
608 1329 641 1386 et
670 1320 840 1386 historicos
868 1319 1059 1400 addidisset,
1093 1321 1169 1402 quin
1202 1322 1300 1385 etiam
1332 1319 1398 1404 phi·

225 1428 376 1513 tosophos
411 1436 714 1493 commemoraturus
753 1428 862 1508 fuerit,
897 1447 959 1492 non
998 1426 1121 1492 dubito.
1177 1427 1226 1490 Ida
1265 1433 1398 1507 tantum,

226 1536 365 1618 quaein
389 1533 641 1603 chrestomathia
667 1534 801 1616 invenit,
833 1534 966 1598 rettulit.
1016 1534 1165 1600 Proetum
1195 1541 1302 1598 autem
1331 1532 1399 1618 phi·

226 1642 376 1727 losophos
402 1663 465 1706 non
498 1648 657 1708 tractasse
692 1642 790 1706 facile
819 1641 1044 1725 intellegimus.
1092 1643 1128 1705 ln
1154 1641 1404 1706 chrestomathia

226 1751 455 1834 grammaticus
484 1750 584 1814 verba
607 1750 699 1831 facit,
731 1769 794 1813 nou
818 1734 1037 1833 philosophus.
1084 1749 1321 1814 Grammaticus
1350 1768 1403 1812 au·

226 1865 291 1922 tem
314 1863 442 1941 spectat
466 1855 508 1920 ad
534 1855 697 1921 scribendi
719 1857 887 1935 rationem,
920 1876 984 1919 non
1014 1854 1058 1919 ad
1084 1875 1147 1919 res.
1196 1855 1402 1934 Πολύπειρος

227 1963 246 2027 ὁ
269 1965 486 2042 γραμματικὸς
511 1967 655 2040 ποιητῶν
684 1984 719 2026 τε
748 1964 799 2026 καὶ
822 1963 1013 2038 πεῑολόγων
1043 1963 1124 2026 καθὸ
1154 1961 1263 2039 πάσης
1286 1983 1405 2040 τετριμ-

227 2071 324 2148 μένης
348 2071 467 2148 λέξεως
491 2071 688 2151 ἐπιστήμων,
712 2069 752 2133 οὐ
780 2071 861 2134 καθὸ
890 2069 1080 2148 ζητημάτων
1103 2070 1357 2147 Δημοσθενικῶν
1384 2069 1403 2146 ἢ

227 2177 398 2255 δογμάτων
416 2178 636 2242 Πλατωνικῶν
659 2178 858 2255 ἐπιστήμων·
886 2177 1011 2254 οὐγὰρ
1035 2175 1158 2253 ἀνάγκη
1181 2180 1282 2239 ταῦτα
1305 2175 1404 2240 αὐτὸν

227 2284 355 2348 εἰδέναι.
414 2285 671 2350 Consentaneum
704 2285 803 2366 igitur
839 2291 889 2348 est
923 2282 1150 2367 philosophum
1185 2282 1403 2367 philosophos,

228 2411 359 2473 quorum
383 2391 487 2474 magis
510 2390 588 2472 quid
612 2411 707 2472 quam
731 2389 891 2472 quomodo
915 2390 1111 2454 scriberetur
1133 2391 1287 2455 interesse
1312 2410 1403 2474 opor-

227 2498 328 2579 tebat,
352 2517 371 2562 e
394 2496 645 2562 chrestomathia
668 2497 880 2580 grammatica
904 2496 1096 2578 exclusisse3
1121 2497 1163 2561 ci.
1188 2496 1402 2580 Theophrasti

228 2606 267 2669 ir.
292 2605 337 2669 64
365 2612 397 2669 et
426 2605 470 2669 65
506 2605 719 2684 (Ammonium
752 2605 785 2667 in
815 2605 874 2667 Ar.
910 2602 942 2668 d.
974 2605 1107 2688 interpr.
1142 2625 1172 2688 p.
1195 2604 1248 2684 65,
1270 2604 1314 2668 22
1332 2619 1424 2686 sqq.·

228 2713 358 2792 Busse):
382 2715 441 2776 τοῦ
466 2712 566 2788 λόγου
590 2712 719 2790 σχέσεις
744 2710 877 2789 ἔχοντος
905 2713 965 2789 τὴν
996 2713 1054 2789 μὲν
1077 2713 1160 2790 πρὸς
1188 2712 1265 2788 τοὺς
1289 2710 1403 2789 ἀκροα-

228 2819 286 2897 τὰς
316 2821 376 2896 τὴν
405 2821 440 2883 δὲ
468 2820 551 2897 πρὸς
574 2819 614 2882 τά
638 2818 816 2898 πράγματα,
849 2820 909 2896 τὴν
934 2819 994 2897 μὲν
1022 2820 1105 2897 πρὸς
1135 2818 1212 2897 τοὺς
1241 2817 1402 2896 ἀκροατὰς

228 2928 357 3003 ποιηταὶ
385 2928 436 2989 καὶ
459 2925 593 3004 ῥήτορες
618 2925 783 3005 διώκουσι,
821 2927 894 3003 τὴν
928 2927 968 2989 δὲ
1001 2926 1099 3004 πρὸς
1127 2926 1171 2988 τά
1199 2925 1402 3004 πράγματα

229 3033 453 3112 φιλόσοφοι
469 3035 504 3113 ¹).
556 3031 659 3109 Quam
683 3033 875 3098 sententiam
899 3034 979 3098 satis
1008 3031 1174 3112 vulgarem
1203 3032 1303 3098 fuisse
1326 3033 1400 3096 sori·

229 3147 351 3224 ptores,
388 3159 467 3222 quos
501 3159 570 3204 cum
605 3139 720 3204 Proeto
753 3138 987 3224 comparandos
1020 3139 1199 3217 attulimus,
1234 3145 1401 3203 testantur.

232 3246 350 3312 Videas
374 3246 533 3328 quomodo
558 3245 645 3330 apud
670 3245 863 3331 Dionysium
887 3246 961 3310 Hal.
985 3245 1170 3331 philosophi
1200 3244 1401 3310 inducantur.

230 3354 301 3419 Etsi
326 3354 425 3418 verba
459 3374 523 3418 uon
557 3354 778 3439 epitomatoris
808 3352 867 3418 sed
902 3353 1199 3438 ,Pythagoreorum
1235 3355 1402 3418 sectatoris

229 3459 434 3545 posterioris“
470 3469 544 3526 sunt
578 3461 634 3541 (cf.
659 3461 836 3526 Usenerum
860 3459 901 3524 ad
926 3461 1045 3540 locum)
1079 3467 1186 3524 tamen
1212 3459 1240 3525 si
1263 3459 1306 3524 ad
1333 3480 1402 3544 „ca-

230 3565 363 3633 nonem“
399 3569 532 3633 allatum
556 3575 589 3633 et
612 3569 786 3633 electorum
818 3568 922 3646 κρίσιν
955 3574 1095 3652 spectas,
1129 3568 1197 3633 eius
1224 3568 1402 3632 sententiae

230 3674 434 3760 respondent,
459 3697 490 3760 p.
516 3675 578 3739 26:
620 3676 693 3739 Τῶν
721 3675 920 3754 φιλοσόφων
944 3679 971 3738 δ’
1000 3673 1232 3750 ἀναγνωστέον
1257 3674 1336 3752 τούς
1368 3695 1402 3738 τε

230 3782 474 3862 Πυθαγορικοὺς
509 3787 575 3860 τῆς
611 3782 854 3861 σεμνότητος
889 3783 952 3844 καὶ
986 3787 1065 3845 τῶν
1099 3782 1208 3860 ἠθῶν
1237 3783 1403 3846 καὶτῶν

231 3889 433 3968 δογμάτων
456 3889 604 3954 ἕνεκεν·
630 3889 674 3953 οὐ
699 3891 772 3968 μὴν
790 3887 965 3955 ἀλλὰκαὶ
986 3890 1053 3966 τὴς
1070 3887 1314 3965 ἀπαγγελίας
1337 3892 1403 3952 κτλ.

232 3994 358 4060 Deinde
383 3995 646 4061 commendantur
669 3995 710 4061 ad
735 3995 924 4060 imitandum
938 3995 1128 4081 Xenophon,
1152 3995 1256 4077 Plato,
1282 3995 1402 4060 Aristo-

338 4262 348 4300 ¹
367 4263 623 4320 Ct.1mmischium
638 4281 665 4334 p.
676 4263 729 4318 255
740 4279 783 4333 sq.
798 4269 827 4318 et
837 4262 985 4317 Krollium
1004 4263 1035 4316 in
1055 4277 1129 4316 mus.
1140 4261 1234 4316 Rhen.
1249 4261 1307 4314 vol.
1319 4259 1402 4314 LXII

232 4370 259 4423 p.
270 4353 313 4422 86,
333 4356 384 4423 qui
397 4354 549 4408 scribendi
563 4359 655 4408 tenue
669 4368 767 4424 genus
786 4368 847 4406 non
867 4352 907 4405 ad
926 4353 1011 4416 λόγον
1030 4352 1101 4418 πρὸς
1119 4352 1155 4404 τὰ
1173 4353 1324 4418 πράγματα
1337 4365 1402 4420 per·-

231 4445 328 4500 tinere
346 4454 428 4499 recte
449 4449 554 4499 eontra
572 4443 848 4498 Hendricksonium
868 4442 948 4496 dicit.
