3118 5044
747 330 918 384 „38-

246 513 365 596 πρώτιμ
394 514 478 588 λέγει
509 516 574 576 κτλ.
624 511 748 576 Deinde
783 509 823 575 de
857 509 985 574 dicendi
1017 510 1189 592 generibus
1221 509 1300 592 agit,
1335 529 1417 590 quac

246 619 317 702 ipsa
341 639 466 701 quoque
497 619 530 682 in
555 626 706 701 utrosque
729 618 813 683 fines
838 617 1006 698 quadrant.
1054 616 1136 680 Tum
1161 615 1287 680 demum
1312 616 1418 681 verbis

247 726 454 806 διαλαμβάνει
478 730 545 790 κτλ.
570 725 612 790 ad
638 727 757 809 poesim
783 722 983 788 tractandam
1008 723 1132 787 transit.
1180 715 1355 789 Praeterea
1378 743 1417 787 ne

247 832 473 898 obliviscamur
497 831 675 897 cavendum
701 839 749 896 est
763 831 912 895 Photium
938 828 1018 894 duos
1042 836 1164 894 tantum
1183 831 1304 915 priores
1320 831 1419 895 libros

246 940 401 1022 praebere
433 946 529 1022 atque
563 940 745 1021 eclogarum
780 937 964 1018 editionem,
999 957 1061 1018 qua
1091 936 1225 1001 Photius
1253 956 1328 1001 usus
1359 945 1418 1016 est,

246 1047 349 1130 ipsam
373 1066 498 1129 quoque
525 1047 582 1110 bos
606 1044 686 1110 duos
710 1045 808 1109 libros
838 1045 1046 1124 continuisse,
1082 1063 1186 1125 neque
1216 1044 1328 1108 mirum
1360 1051 1418 1125 est,

247 1153 331 1234 quod
357 1154 538 1236 eclogarum
565 1153 669 1218 editor
685 1173 724 1216 ea
740 1158 874 1231 tantum,
899 1171 982 1233 quae
1007 1151 1128 1233 eclogis
1151 1151 1216 1215 suis
1239 1151 1420 1235 praefanda

247 1261 391 1344 putabat,
422 1262 530 1344 elegit.
578 1260 706 1325 Certum
739 1259 838 1341 igitur
871 1267 919 1323 cst
950 1259 1146 1342 prooemium
1178 1257 1274 1323 valde
1307 1259 1419 1324 abbre-

248 1367 368 1432 viatum
393 1374 468 1432 aute
489 1366 601 1432 ¹oculos
624 1387 683 1430 uos
706 1365 834 1430 habere.
885 1365 926 1430 Ut
950 1385 1045 1429 unum
1069 1366 1217 1448 eximam,
1241 1367 1318 1448 quin
1341 1365 1418 1448 quid

245 1476 447 1558 grammatici
476 1475 529 1555 sit,
564 1472 832 1538 chrestomathiae
865 1475 1095 1556 grammaticae
1128 1474 1265 1556 scriptor
1288 1472 1418 1555 dixerit,

247 1603 309 1647 non
333 1589 381 1646 est
405 1582 551 1660 dubium3
592 1580 700 1662 qualia
730 1581 798 1644 iere
827 1579 915 1664 apud
940 1599 1010 1644 eum
1037 1580 1097 1644 hac
1121 1578 1161 1644 de
1185 1600 1219 1644 re
1243 1581 1418 1660 extiterint,

247 1708 264 1752 e
288 1688 418 1754 scholiis
434 1687 640 1772 Dionysianis
665 1686 877 1771 comperimus
901 1705 931 1771 p.
949 1687 1025 1761 448,
1043 1687 1085 1751 33
1099 1706 1186 1769 sqq.:
1212 1687 1418 1765 Πολύπειρος

246 1797 265 1859 ὁ
289 1797 513 1878 γραμματικός,
549 1799 692 1873 ποιητῶν
721 1815 755 1859 τε
779 1797 830 1858 καὶ
853 1795 1040 1870 πεΖολόγων
1064 1795 1144 1858 καθὸ
1168 1793 1275 1872 πάσης
1299 1815 1419 1872 τετριμ-

247 1905 343 1982 μένης
368 1903 484 1980 λέξεως
508 1903 703 1981 ἐπιστήμων,
733 1901 772 1965 οὐ
801 1903 880 1964 καθὸ
910 1902 1098 1979 ζητημάτων
1121 1901 1375 1980 Δημοσθενικῶν
1399 1903 1418 1980 ἢ

247 2011 416 2090 δογμάτων
439 2011 659 2074 Πλατωνικῶν
683 2010 877 2086 ἐπιστήμων·
903 2009 941 2071 οὐ
965 2010 1026 2087 γὰρ
1050 2008 1171 2086 ἀνάγκη
1195 2012 1296 2072 ταῦτα
1319 2009 1420 2072 αὐτὸν

246 2119 373 2182 εἰδέναι.
418 2120 620 2196 συγγραφεῖς
645 2118 680 2180 δὲ
704 2118 835 2193 λέγουσι
859 2115 983 2194 πάντας
1007 2117 1084 2193 τοὺς
1109 2115 1323 2193 πεζολόγους·
1348 2115 1419 2179 τού-

245 2247 311 2290 των
336 2227 371 2289 δέ
395 2225 424 2288 οἱ
449 2226 506 2302 μὲν
531 2224 675 2304 ῥήτορες,
699 2225 729 2308 οἱ
758 2225 794 2287 δὲ
819 2228 1029 2305 συγγραφεῖς,
1054 2225 1085 2288 oi
1108 2226 1143 2288 δὲ
1166 2225 1335 2302 ἱστορικοί·
1361 2224 1419 2287 οὐκ

246 2333 399 2410 ἔστιγὰρ
424 2332 524 2409 μόνον
548 2331 634 2409 παρά
658 2335 728 2408 τοῖς
757 2335 905 2409 ποιηταῖς
934 2333 985 2395 καὶ
1014 2334 1238 2410 συγγραφεῦσι
1261 2333 1418 2410 χρειώδης

246 2442 265 2518 ἡ
288 2439 496 2520 γραμματική,
523 2437 605 2503 ἀλλά
630 2440 681 2502 καὶ
705 2439 791 2516 παρὰ
818 2442 887 2515 τοῖς
912 2438 1045 2516 ῥήτορσι
1071 2439 1119 2500 καὶ
1143 2437 1417 2517 ἱστοριογράφοις.

247 2547 308 2611 Hic
331 2547 428 2629 igitur
458 2553 569 2630 aperte
597 2544 713 2609 dicitur
741 2547 773 2608 in
806 2544 1057 2610 chrestomathia
1085 2545 1296 2627 grammatica
1320 2544 1417 2609 etiam

246 2661 388 2719 oratores
412 2659 445 2718 et
468 2652 638 2717 historicos
662 2651 848 2717 tractandos
872 2672 951 2717 esse.

352 2761 460 2843 Atque
489 2780 595 2844 porro,
631 2781 703 2825 curm
737 2779 843 2824 rursus
877 2761 910 2824 in
944 2761 1128 2824 memoriam
1161 2760 1419 2824 revocaverimus

245 2866 325 2932 illud
353 2868 446 2932 ἕκτον
477 2868 573 2946 μέρος
603 2871 660 2944 τῆς
691 2871 918 2946 γραμματικῆς,
952 2866 1115 2950 iudicium,
1147 2866 1311 2932 cardinem
1345 2867 1416 2931 etti·

246 2994 329 3056 cere,
370 2994 432 3056 quo
468 2981 569 3038 totum
604 2975 757 3058 scriptum
794 2974 992 3052 versabatur,
1030 2993 1069 3038 ac
1108 2995 1202 3056 quam
1236 2982 1304 3039 arte
1340 2973 1416 3038 illud

247 3102 316 3146 cum
345 3083 416 3159 περὶ
441 3083 602 3160 μιμήσεως
627 3080 774 3144 doctrina
804 3082 1005 3146 coniunctum
1040 3083 1092 3164 sit,
1128 3082 1196 3146 veri
1224 3081 1417 3147 simillimum

246 3187 372 3253 videtur
407 3188 555 3253 Proclum
596 3197 739 3252 oratores
782 3195 879 3270 atque
922 3189 1068 3253 nimirum
1110 3190 1206 3253 etiam
1249 3188 1418 3254 historicos

246 3296 277 3358 in
308 3294 592 3361 chrestomathiam
627 3294 799 3379 recepisse.
859 3294 1063 3374 Immischius·
1089 3297 1158 3380 ipse
1186 3295 1418 3362 demonstravit

247 3405 289 3487 (p.
308 3403 372 3467 256
390 3403 462 3486 sq),
499 3401 658 3484 quomodo
695 3403 855 3466 sententia
890 3401 956 3485 illa,
991 3423 1054 3485 qua
1086 3405 1192 3487 poesis
1220 3403 1298 3467 nihil
1329 3403 1415 3468 aliud

246 3510 306 3574 nisi
341 3508 493 3588 ἔμμετρος
530 3509 680 3588 ῥητορική
718 3528 788 3574 esse
825 3508 1002 3589 dicebatur,
1042 3509 1162 3574 factum
1198 3512 1248 3592 sit,
1281 3518 1316 3575 ut
1346 3514 1418 3590 περὶ

246 3605 383 3695 κρίσεως
417 3615 588 3700 disciplina
620 3636 691 3681 cum
724 3636 772 3696 ea,
807 3636 888 3698 quae
919 3623 967 3681 cst
995 3619 1067 3695 περὶ
1100 3619 1273 3701 μιμήσεως,
1308 3619 1417 3685 misce-

246 3731 332 3788 retur
365 3731 397 3788 et
429 3722 611 3789 testimonio
646 3743 720 3788 usus
754 3730 802 3788 est
836 3724 983 3808 Dionysii
1018 3724 1311 3791 Halicarnassensis
1345 3730 1418 3807 περὶ

246 3831 408 3909 μιμήσεως
432 3830 615 3912 fragmento
645 3830 767 3913 quinto,
802 3830 886 3913 quod
918 3833 1144 3917 fragmentum,
1181 3833 1254 3898 libri
1287 3834 1418 3899 alterius

245 3937 396 4021 epitoma,
432 3957 504 4001 cum
535 3936 578 4003 ad
602 3939 871 4022 Neoplatouicum
903 3939 1062 4020 quendam
1094 3938 1216 4021 redcat,
1252 3959 1290 4004 eo
1314 3941 1417 4024 magis

247 4045 451 4110 coniecturae
484 4052 612 4110 nostrae
646 4045 840 4110 adminiculo
875 4066 945 4112 esse
979 4053 1096 4131 potest.
1159 4047 1207 4112 De
1241 4055 1416 4131 poetarum,

245 4151 477 4232 historicorum,
495 4151 769 4237 philosophorum,
783 4158 944 4218 oratorum
962 4154 1218 4218 eminentissimis
1235 4155 1416 4219 auctoribus

246 4257 399 4345 deinceps
437 4259 564 4343 agitur3
611 4267 708 4342 atque
748 4258 912 4325 iudicandi
951 4259 1143 4345 principium
1180 4267 1229 4326 est
1265 4268 1416 4344 statuere,

245 4371 397 4448 quantum
430 4366 546 4450 singuli
579 4368 697 4432 oratori
731 4365 946 4432 commendari
982 4367 1105 4451 possint
1138 4366 1180 4432 ad
1217 4367 1414 4433 imitandum.

244 4475 327 4539 ltem
355 4474 570 4553 Quintilianus
605 4474 649 4553 (X
676 4477 705 4557 l,
729 4457 770 4540 27
789 4476 872 4556 sqq.)
901 4473 956 4539 ubi
990 4494 1071 4556 quae
1104 4475 1243 4540 maxime
1277 4474 1416 4562 legenda
