3118 5044
750 305 923 358 „10-

252 483 515 563 Ἀριστοτελικιῖιν
548 485 806 563 συγγραμμάτων
834 485 869 548 ἐν
901 491 937 567 τῇ
967 485 1213 560 συναναγνώσει
1243 483 1424 562 (σύνταγμα

253 593 288 655 δὲ
315 595 413 656 τοῦτο
443 593 637 670 Πρόκλειον)
670 595 735 656 κτλ.
784 591 853 668 Quo
884 591 1025 674 generali
1056 592 1218 674 prooemio
1248 592 1423 674 praemisso

253 718 283 780 p.
304 699 364 762 127
390 699 511 781 pergit:
536 699 684 761 Δέκατον
707 697 747 775 ἦν
771 697 948 776 κεφάλαιον
972 703 1037 760 τῶν
1060 698 1285 774 προτεθέντων
1309 698 1347 761 τὸ
1371 703 1424 774 ζη-

252 807 347 881 τῆσαι
380 806 468 868 πόσα
501 807 551 868 καὶ
584 806 655 870 τίνα
689 805 847 883 κεφάλαια
877 808 926 868 δεῖ
953 804 1190 882 προλαμβάνειν
1220 805 1271 868 ἐπί
1299 805 1423 882 παντὸς

252 910 506 989 Ἀριστοτελικοῦ
535 912 793 991 συγγράμματος.
832 914 864 978 ἓξ
894 912 1003 974 τοίνυν
1028 911 1187 990 κεφάλαια
1210 916 1259 976 δεῖ
1281 915 1424 990 προλαμ-

254 1018 371 1100 βάνειν,
396 1019 454 1081 τὸν
477 1019 612 1099 σκοπόν,
637 1020 674 1083 τὸ
698 1020 856 1098 χρήσιμον
880 1018 993 1082 καὶτὰ
1017 1019 1097 1096 ἑξῆς.
1136 1017 1225 1094 Quae
1242 1038 1298 1082 sex
1315 1025 1425 1102 partes

253 1125 387 1206 σκοπός,
417 1125 584 1206 χρήσιμον,
613 1127 661 1203 τίς
684 1127 703 1203 ἡ
727 1126 899 1204 ἐπιγραφή,
923 1125 950 1188 εἰ
973 1126 1117 1202 γνήσιον,
1140 1126 1188 1201 τίς
1211 1125 1231 1202 ἡ
1255 1125 1342 1202 τάξις
1366 1128 1424 1204 τῆς

178 1281 181 1290 ,
253 1230 481 1312 ἀναγνώσεως,
506 1232 524 1309 ἡ
550 1232 594 1309 εἰς
619 1234 697 1311 με’ρη
721 1234 801 1310 τομή
827 1239 859 1296 et
882 1233 972 1315 ipsae
993 1233 1106 1296 Proclo
1131 1239 1297 1296 auctorea
1320 1238 1426 1316 poste·

254 1337 390 1401 rioribus
415 1337 581 1402 adhibitae
605 1348 686 1402 sunt.
736 1338 896 1402 Diadoehi
927 1337 1077 1423 discipuli
1105 1339 1293 1421 magistrum
1322 1339 1424 1403 secuti

253 1445 286 1508 in
314 1445 549 1528 prolegomenis
577 1445 617 1511 ad
645 1446 826 1512 Aristotelis
854 1466 952 1530 opera
982 1447 1110 1529 scriptis
1133 1465 1259 1528 semper
1282 1445 1328 1510 ita
1352 1464 1425 1528 ege·

253 1558 335 1615 runt.
385 1552 615 1635 Prolegomena
646 1553 692 1618 sic
722 1554 867 1618 instituta
895 1553 1076 1617 invenimus
1101 1553 1141 1626 inl
1159 1552 1315 1616 Ammonii
1340 1571 1426 1616 com-

254 1659 409 1723 mentario
438 1658 470 1722 in
495 1661 676 1724 Aristotelis
704 1660 745 1725 de
775 1659 1040 1743 interpretatione
1070 1659 1184 1722 librum
1210 1657 1425 1750 seriptoxlubi

254 1785 285 1847 p.
305 1764 361 1827 181
392 1765 518 1843 (Busae)
544 1765 583 1829 de
608 1766 759 1848 magistro
785 1765 875 1829 dicit:
902 1765 920 1829 ὁ
944 1765 979 1828 δέ
1002 1785 1038 1840 γε
1062 1765 1216 1843 ἡμέτερος
1238 1741 1427 1843 καθηγεμὼν

254 1872 305 1934 καὶ
328 1871 496 1950 εὐεργέτης
521 1872 696 1951 (Πρόκλος)
721 1873 860 1949 κανόνας
888 1874 961 1949 ἡμῖν
988 1871 1074 1935 πάνυ
1103 1872 1267 1949 τεχνικοὺς
1297 1871 1426 1949 παρεδί-

255 1984 313 2042 δου
338 1980 406 2042 καθ’
432 1979 489 2057 οῦς
515 1979 585 2044 οἶόν
609 2001 642 2044 τε
666 1980 755 2062 πάσῃ
777 1986 814 2063 τῇ
835 1980 1024 2061 προτεθείσῃ
1046 1978 1202 2057 προτάσει
1218 1980 1276 2056 τὴν
1292 1977 1427 2041 ἀκολου-

255 2089 379 2149 θοῦσαν
404 2087 510 2165 εὑρεῖν
534 2096 630 2168 atque
654 2087 773 2156 ibidem
798 2096 832 2150 ut
861 2087 905 2166 id,
935 2087 1018 2167 quod
1043 2087 1076 2149 in
1101 2085 1214 2176 Proclo
1238 2083 1426 2167 admiratur,

255 2192 315 2257 sibi
340 2191 373 2255 di
398 2200 512 2276 parent
542 2201 691 2277 precatur
720 2215 749 2277 p.
771 2197 804 2257 l:
841 2194 867 2258 εἰ
895 2194 930 2257 δέ
960 2215 989 2256 τι
1020 2195 1070 2256 καῖ
1095 2193 1185 2270 ἡμεῖς
1217 2193 1428 2271 δυνηθείημεν

256 2299 447 2375 εἰσενεγκεῖν
476 2301 547 2378 περὶ
575 2302 632 2377 τὴν
660 2305 717 2364 τοῦ
755 2302 876 2379 βιβλίου
908 2302 1090 2378 σαφήνειαν
1120 2297 1426 2377 ἀπομνημονεύσαν-

254 2425 307 2483 τες
349 2409 415 2471 τιῦν
454 2407 637 2484 ἐξηγήσεων
675 2411 732 2471 τοῦ
775 2408 862 2470 θείου
905 2407 995 2485 ἡμῶν
1038 2404 1234 2469 διδασκάλου
1273 2405 1425 2483 Πρόκλου

134 2576 136 2581 .
254 2515 312 2575 τοῦ
336 2512 548 2577 Πλατωνικοῦ
582 2515 735 2592 διαδόχου
763 2517 821 2577 τοῦ
850 2513 894 2590 είς
924 2513 1022 2590 ἄκρον
1050 2516 1107 2589 τῆς
1137 2511 1341 2590 ἀνθρωπίνης
1365 2511 1426 2589 φῦ-

255 2632 341 2696 σεως
370 2621 429 2696 τήν
456 2640 490 2683 τε
518 2620 702 2698 ἐξηγητικὴν
725 2626 791 2684 τιῖιν
815 2618 1000 2682 δοκούντων
1024 2623 1093 2695 τοῖς
1117 2622 1267 2696 παλαιοῖς
1292 2618 1426 2697 δύναμιν

255 2727 306 2789 καὶ
330 2727 388 2803 τὴν
411 2726 659 2805 ἐπιστημονικὴν
683 2732 740 2805 τῆς
764 2726 897 2812 φύσεως
921 2729 987 2789 τῶν
1011 2723 1117 2788 ὄντων
1141 2727 1245 2803 κρίσιν
1266 2724 1426 2802 ἀσκήσαν-

255 2853 321 2910 τος,
345 2833 469 2910 πολλὴν
493 2833 533 2896 ἂν
554 2840 600 2918 τῷ
625 2835 723 2914 λογίῳ
747 2839 811 2917 θεῷ
834 2833 927 2911 χάριν
950 2832 1220 2911 ὁμολογήσαιμεν,
1245 2832 1287 2895 cf.
1309 2833 1426 2909 Prantl,

257 2939 373 3004 Geseh.
398 2938 429 3006 d.
454 2939 561 3022 Logih
586 2941 601 3003 Ι
626 2962 655 3024 p.
674 2941 764 3024 642),
797 2941 827 3003 in
858 2939 1094 3003 commentariis
1118 2939 1259 3022 Asclepii
1289 2945 1320 3002 et
1348 2939 1426 3004 Sim-

256 3046 344 3129 plicii
368 3046 399 3109 in
425 3045 570 3130 physica,
596 3049 628 3110 in
653 3048 822 3127 Ammonii,
848 3047 1080 3130 Olympiodori‚
1107 3047 1235 3111 Ioannis
1256 3045 1425 3130 Philoponi

257 3154 492 3218 commentariis
516 3156 548 3216 in
566 3157 747 3238 categorias
771 3161 867 3236 atque
892 3156 923 3217 in
941 3155 1177 3218 commentariis
1196 3141 1425 3217 recentioribus

255 3260 288 3322 in
314 3260 482 3344 Porphyrii
507 3261 666 3344 Isagogen
693 3261 830 3345 scriptis.
873 3261 922 3325 uf.
943 3261 1137 3325 Brinhmann
1162 3259 1193 3323 in
1218 3260 1298 3323 Mus.
1324 3259 1424 3324 Rben.

257 3367 319 3432 vol.
334 3367 410 3430 LXI
428 3389 456 3451 p.
475 3371 535 3434 117
548 3390 594 3450 sq.
642 3369 705 3435 Sed
724 3369 805 3433 haec
820 3368 990 3453 praefandi
1009 3369 1089 3432 ratio
1103 3389 1164 3432 non
1182 3366 1277 3431 modo
1293 3369 1324 3430 in
1343 3387 1425 3431 eom·

257 3474 420 3538 menteriis
433 3475 474 3538 ad
494 3475 728 3559 philosophiam
747 3475 978 3559 pertinentibus
999 3474 1146 3539 adbibita
1169 3482 1225 3541 est.
1261 3473 1309 3537 Of.
1329 3473 1425 3538 Geor-

257 3580 302 3662 gii
321 3580 534 3647 Ohoerobosci
549 3582 724 3646 Comment.
742 3582 782 3646 ad
803 3581 1050 3666 Hephaestionis
1072 3581 1219 3646 manuale
1234 3602 1266 3665 p.
1284 3581 1343 3645 177
1355 3599 1424 3662 sqq.

258 3686 456 3752 Consbruch.
496 3687 700 3772 Quantopere
717 3688 959 3753 Choeroboscus
973 3688 1136 3753 schemate
1152 3687 1345 3754 scholastico
1361 3687 1425 3752 vin-

192 3859 195 3863 .
258 3795 369 3874 ciatur,
404 3795 564 3875 everbis,
599 3815 680 3876 quae
704 3797 775 3874 περὶ
799 3799 925 3859 σκοποῦ
954 3795 1044 3874 facit,
1078 3794 1221 3860 efficitur
1244 3794 1353 3858 ἰστέον
1377 3793 1426 3858 ὅτι

257 3901 383 3965 σκοπὸν
410 3900 474 3979 ἔχει
503 3901 521 3964 b
552 3904 696 3991 μετρικὸς
726 3904 798 3980 περί
821 3903 944 3980 μέτρων
969 3905 1143 3982 διαλαβεῖν,
1174 3898 1257 3980 quod
1283 3900 1424 3965 enuntia-

258 4014 334 4089 tum,
351 4014 386 4071 ut
402 4027 564 4072 numerum
583 4009 766 4092 compleret,
784 4009 950 4093 scripsisse
967 4007 1103 4073 videtur.
1124 4029 1128 4036 ⁴
1146 4005 1226 4070 Vide
1243 4007 1339 4071 etiam
1356 4027 1424 4090 pro-

257 4114 343 4197 legg.
373 4116 406 4178 in
430 4115 683 4197 He1·mog.rbet.
714 4117 833 4199 scripta
862 4116 894 4178 in
918 4114 1011 4179 Rhet.
1038 4114 1152 4180 Graec.
1178 4113 1239 4178 vol.
1265 4113 1310 4177 lV
1335 4135 1365 4198 p.
1383 4115 1424 4179 29

258 4221 376 4286 Waln.:
404 4221 592 4298 Ἀναγκαῖον
616 4223 662 4303 δέ,
687 4221 732 4299 ὡς
757 4221 867 4297 ἔοικεν,
891 4221 917 4285 εἰ
942 4223 991 4285 καὶ
1017 4225 1085 4299 τοῖς
1110 4219 1221 4299 ἄλλοις
1245 4226 1424 4304 παρωπται,

258 4328 315 4392 τόν
339 4349 373 4392 τε
397 4329 523 4392 σκοπὸν
547 4316 762 4406 ἐξηγήσασθαι
787 4331 843 4407 τοῦ
870 4329 991 4406 βιβλίου
1021 4330 1072 4390 καὶ
1097 4330 1134 4391 τὸ
1158 4330 1325 4408 χρήσιμον,
1359 4325 1425 4415 εἶτα

258 4437 295 4499 τό
324 4436 469 4518 γνήσιον,
503 4435 580 4513 μετὰ
606 4437 714 4498 ταῦτα’
739 4436 797 4514 τὴν
827 4434 926 4514 τάξιν,
955 4431 1022 4497 εἶτα
1050 4435 1108 4498 τὸν
1136 4441 1193 4519 τῇς
1218 4435 1424 4514 διδασκαλίας
1471 4481 1474 4488 .
