3118 5044
746 337 998 415 ..po-¹

247 541 298 606 καὶ
321 541 384 621 γάρ
406 541 437 606 oi
459 542 495 606 ἐν
518 545 555 623 τῇ
579 538 702 623 Ἀττικῇ
730 543 860 619 πρῶτον
890 539 1131 617 συστησάμενοι
1158 540 1196 604 τὸ
1225 539 1417 620 ἐπιτήδευμα

246 652 304 729 τῆς
327 649 496 732 κωμῳδίας
520 647 619 726 (ἦσαν
642 649 678 711 δέ
701 647 731 711 οἱ
753 648 826 726 περὶ
850 647 1075 725 Σουσαρίωνα)
1099 647 1138 711 τά
1162 647 1324 726 πρόσωπα
1342 645 1416 710 ἀτά-

247 777 330 836 κτως
354 755 494 834 εἰσῆγον,
517 756 577 818 καὶ
599 755 721 831 γέλως
744 752 789 832 ἦν
812 753 934 831 μόνος
957 754 999 816 τὸ
1023 753 1416 832 κατασκευαζόμενον.

247 864 475 941 ἐπιγενόμενος
508 864 544 926 δὲ
576 861 596 925 ὁ
621 862 775 938 Κρατῖνος
803 861 981 937 κατέστησε
1008 862 1065 946 μέν
1091 864 1224 938 πρῶτον
1250 861 1289 925 τὰ
1317 861 1352 924 ἐν
1379 866 1417 943 τῇ

247 970 398 1054 κωμῳδίᾳ
425 969 587 1048 πρόσωπα
615 968 704 1046 μέχρι
731 972 839 1048 τριῶν,
874 967 1001 1046 στήσας
1024 968 1083 1044 τὴν
1106 966 1248 1044 ἀταξίαν,
1282 969 1418 1051 καὶτῷ

246 1077 424 1156 χαρίεντι
452 1080 518 1155 τῆς
548 1073 753 1158 κωμῳδίας
787 1074 830 1137 τὸ
863 1072 1062 1152 ὠφέλιμον
1094 1075 1312 1152 προσέθηκε
1340 1074 1417 1150 τοὺς

246 1189 351 1262 κακῶς
384 1182 595 1261 πράσσοντας
625 1180 808 1260 διαβάλλων
836 1182 887 1244 καὶ
915 1182 1027 1258 ῶσπερ
1056 1182 1196 1263 δημοσίᾳ
1224 1180 1351 1260 μάστιγι
1379 1186 1417 1263 τῇ

246 1291 398 1375 κωμῳδίᾳ
421 1289 577 1354 κολάζων.
625 1288 727 1352 Huius
749 1286 975 1372 descriptionis
998 1287 1152 1370 reliquiae
1169 1288 1199 1352 in
1217 1287 1337 1354 scholio
1354 1307 1418 1352 ser·

247 1405 342 1464 vatae
365 1403 449 1463 suni.
489 1394 655 1460 Kaibelius
679 1403 785 1459 antem
810 1394 829 1457 l.
845 1395 865 1459 l.
890 1416 919 1480 p.
935 1395 978 1459 43
989 1416 1058 1477 sqq.
1083 1393 1316 1459 demonstravit
1331 1393 1417 1480 apud

247 1504 394 1570 Procium
411 1502 492 1567 duas
508 1488 670 1568 versiones
682 1499 820 1565 traditas
833 1501 946 1582 inisse;
963 1501 1136 1567 monadum
1150 1502 1282 1567 alteram
1296 1521 1418 1570 comoe-

246 1611 321 1678 diae
344 1610 477 1675 bistoria
498 1609 650 1692 bipartita
671 1615 740 1672 erat
755 1609 819 1685 (καὶ
835 1609 932 1672 πάλιν
947 1609 1017 1673 καθ’
1031 1608 1143 1687 ἑτέραν
1160 1609 1315 1688 διαίρεσιν
1326 1609 1418 1687 κτλ).

246 1719 322 1800 Res,
339 1718 454 1800 quibus
471 1716 523 1782 hic
539 1716 672 1799 partitio
689 1715 801 1796 fiebat,
818 1716 1019 1800 spectabant,
1043 1724 1078 1779 nt
1095 1715 1242 1798 vidimus,
1267 1715 1307 1780 ad
1325 1715 1417 1797 ὕλην,

246 1827 374 1906 μέτρον,
411 1825 503 1899 λέξιν,
538 1822 720 1899 διασκευήν.
768 1822 803 1885 Iu
830 1821 889 1886 bac
914 1823 1060 1887 versione
1083 1825 1174 1888 iuxta
1198 1823 1359 1904 antiquam
1385 1828 1418 1886 ct

246 1953 362 1998 novam
380 1929 578 1996 comoediam
603 1927 777 2012 primordia
794 1927 1043 2011 distinguuntur,
1068 1931 1120 1994 nbi
1139 1929 1276 1994 noudum
1294 1948 1418 1995 comoe-

247 2038 302 2104 dia
327 2038 451 2102 civibus
475 2034 674 2118 corrigendis
698 2036 844 2100 instituta
868 2043 925 2114 est,
950 2036 1004 2100 ubi
1022 2037 1296 2104 eorumissatioues
1319 2036 1416 2100 etiarn

247 2139 399 2210 valebant
420 2151 452 2208 et
476 2142 631 2210 iocularia
655 2142 835 2225 agebantur
859 2143 922 2220 (καὶ
945 2143 1049 2220 γέλως
1073 2142 1114 2221 ἦν
1137 2144 1237 2222 μόνος
1262 2145 1300 2210 τὸ
1324 2165 1416 2208 κατα-

247 2251 497 2329 σκευαζόμενον)
526 2251 547 2329 λ.

355 2358 450 2423 quta
467 2356 550 2421 banc
565 2359 742 2421 versionem
757 2357 794 2420 iu
812 2354 1060 2422 chrestomathia
1076 2357 1179 2422 altera
1194 2358 1336 2439 extabat,
1354 2377 1418 2439 qua

248 2464 433 2530 comoediae
452 2463 585 2528 historia
608 2469 677 2528 erat
700 2461 877 2548 tripartita3
911 2483 993 2545 qnae
1017 2467 1136 2547 optimc
1160 2471 1288 2529 servata
1313 2464 1417 2530 estin

247 2571 378 2637 scholiis
389 2571 607 2656 Dionysianis.
647 2569 708 2634 Hic
724 2568 892 2635 comoedia
907 2571 948 2635 ab
965 2570 1056 2635 initio
1078 2590 1177 2653 usquc
1200 2571 1243 2637 ad
1268 2571 1417 2637 tinemut

248 2698 376 2743 carmen
393 2677 582 2742 maledicum
600 2676 808 2756 describitur;
833 2677 993 2765 partiendi
1017 2677 1207 2762 principium
1225 2687 1274 2743 est
1297 2680 1333 2742 τὸ
1357 2700 1416 2742 κω-

247 2789 380 2869 μῳδεῖν;
416 2783 456 2848 cf.
482 2783 569 2848 Com.
596 2783 744 2867 Meiamp.
773 2804 797 2848 s.
823 2784 971 2850 Diomed.
1000 2807 1031 2871 p.
1052 2786 1102 2866 19,
1119 2786 1162 2848 23
1187 2786 1242 2849 H.:
1283 2786 1332 2849 διδ
1365 2787 1416 2849 καὶ

246 2895 331 2970 τρεῖς
368 2890 528 2970 διαφορὰς
564 2889 673 2956 ἔδοξεν
708 2890 792 2970 ἔχειν
827 2892 846 2970 ἡ
882 2891 1040 2976 κωμῳδία.
1087 2894 1138 2956 καί
1170 2893 1189 2970 ἡ
1224 2894 1281 2970 μὲν
1314 2895 1416 2956 καλεῖ-

246 3019 296 3061 ται
322 2996 460 3078 παλαιά,
493 2997 513 3074 ἡ
546 2996 579 3062 ἐξ
614 2995 713 3076 ἀρχῆς
742 3002 895 3077 φανερῶς
923 3000 1113 3080 ἐλέγχουσα,
1147 2999 1167 3076 ἡ
1201 2999 1237 3062 δὲ
1271 2999 1362 3080 μέση,
1397 2999 1416 3075 ἡ

246 3103 498 3184 αἰνιγματωδῶς,
522 3104 541 3181 ἡ
566 3104 600 3167 δὲ
625 3103 691 3186 νέα,
715 3105 735 3182 ἡ
759 3106 830 3184 μηδ’
856 3105 942 3183 ὅλως
968 3108 1065 3169 τοῦτο
1092 3109 1235 3170 ποιοῦσα
1259 3107 1343 3183 πλὴν
1367 3106 1418 3170 ἐπὶ

246 3210 375 3275 δούλων
392 3212 412 3289 ἢ
429 3211 538 3278 ξένων.
573 3209 624 3276 Of.
638 3209 745 3276 Tceta.
762 3234 797 3276 π.
815 3218 904 3292 διαφ.
922 3233 1026 3290 ποιητ.
1043 3234 1075 3297 p.
1089 3213 1141 3290 37,
1157 3213 1198 3278 ‘18
1214 3213 1270 3293 K.;
1294 3210 1417 3276 Aneed.

246 3317 372 3382 Estens.
399 3317 440 3393 ΙΙ,
465 3318 486 3380 ό
510 3320 554 3402 (p.
571 3317 614 3382 59
639 3317 790 3406 Kayser).

353 3423 567 3490 Scholiastam
592 3445 661 3494 eam
687 3427 875 3508 versionem,
906 3447 1000 3510 quam
1030 3428 1131 3512 primo
1157 3428 1228 3493 ioco
1252 3410 1448 3511 descripsi-¹

247 3550 325 3611 mus,
351 3532 510 3616 recepisse
533 3530 681 3598 vidimus.
729 3533 765 3596 in
782 3553 940 3617 anonymo
958 3541 1064 3599 autem
1081 3536 1245 3616 utriusque
1263 3535 1419 3599 versionis
1535 3529 1537 3534 ’

245 3637 384 3721 vestigia
408 3636 521 3702 relicta
545 3656 613 3703 esse
638 3637 714 3712 mihi
741 3639 896 3704 videntur.
929 3640 989 3704 'In
1013 3639 1147 3722 antiqua
1171 3639 1337 3706 comoedia
1361 3639 1417 3704 de-

246 3743 391 3809 finienda
415 3743 495 3808 haec
519 3751 625 3812 affert:
651 3745 681 3810 o‘r
705 3746 762 3823 μέν
785 3745 845 3810 οὖν
868 3750 925 3824 τῆς
947 3745 1082 3827 ἀρχαίας
1104 3747 1272 3832 κωμῳδίας
1289 3749 1419 3825 ποιηταὶ

246 3850 305 3930 οὐχ
330 3852 518 3930 ὑποθέσεως
534 3851 675 3932 ἀληθοῦς
693 3853 775 3918 ἀλλὰ
791 3856 921 3932 παιδιάς
938 3854 996 3933 (sic
1009 3854 1132 3924 Fielitu.
1158 3855 1304 3933 παιδείας
1321 3853 1418 3933 trad.)

248 3995 459 4002 ——--·--—-.--..

352 4061 362 4100 ¹
388 4061 430 4116 Cf.
451 4063 587 4118 Diomed.
613 4080 640 4132 p.
658 4065 702 4128 58,
719 4065 766 4118 161
783 4079 847 4132 sqq.
869 4064 999 4130 (Kaibel)
1026 4072 1056 4118 et
1083 4066 1160 4118 liber
1187 4065 1278 4134 gloss.
1304 4081 1331 4134 p.
1346 4065 1418 4130 729

246 4151 389 4217 (Kaibel):
419 4153 489 4222 „sed
513 4153 594 4221 prior
618 4170 654 4208 ae
679 4160 765 4208 vetus
793 4153 949 4207 comoedia
975 4153 1145 4207 ridicularis
1168 4156 1275 4208 extitit.
1315 4163 1419 4223 postea

246 4240 349 4294 civiles
370 4241 416 4295 vel
437 4243 572 4311 privatas
592 4243 738 4312 adgressa
757 4244 899 4295 materias
919 4243 948 4294 iu
970 4243 1056 4295 dietis
1078 4250 1170 4311 atque
1190 4253 1279 4311 gestu
1298 4244 1417 4295 univer·

246 4345 346 4383 sorum
381 4331 491 4383 delicta
520 4333 686 4401 corripiens
715 4334 745 4388 iu
774 4347 915 4385 scaenam
946 4331 1119 4400 proferebat
1147 4348 1203 4386 nee
1233 4332 1417 4386 vetabantur

245 4424 353 4488 poetae
374 4421 535 4488 pessimum
557 4435 711 4494 quomque
728 4421 901 4475 describere
920 4422 967 4474 vel
983 4421 1143 4474 cuiuslibet
1164 4427 1289 4490 peecata
1309 4436 1417 4475 mores·

246 4523 305 4578 que
325 4509 555 4578 reprehendere.
588 4513 693 4562 auctor
713 4507 933 4563 eiusSusarion
954 4509 1110 4562 traditura
