3118 5044
620 288 858 360 -as-'

122 486 249 553 subtilis
272 486 492 553 definitionem
517 483 677 570 particula
700 483 739 549 οὐ
764 486 883 551 inserta
913 504 1026 551 sanare
1055 483 1162 552 studet
1185 493 1218 552 et
1242 487 1294 552 vo*

123 615 191 660 cem
225 599 354 674 γοεροῑς
387 613 426 659 ex
461 593 608 674 exemplo
633 591 745 658 iliadis
775 592 812 670 (Λ
833 592 923 684 269),
956 577 1011 657 ubi
1045 593 1294 676 Agamemnonis

123 701 214 767 dolor
238 702 438 782 describitur,
463 699 617 785 explicari
640 699 732 779 dicit;
756 704 885 780 γοεροῑς
910 699 1063 766 traditum
1086 719 1148 765 non
1166 700 1293 766 librarii

38 879 41 883 ,
123 827 229 874 errore
246 815 348 873 ortum
373 827 442 872 esse
466 806 597 888 iudicat,
622 812 656 871 ut
680 807 803 872 censuit
817 807 902 872 Guil.
919 791 1072 890 Schmid,
1089 809 1143 890 qui
1166 813 1294 887 νοεροῑς

118 914 325 982 scribendum
338 934 408 980 esse
421 913 566 980 coniecit.
589 913 724 978 Sensum
741 933 798 998 pro
814 917 942 993 γοεροῑς
959 911 1122 998 postulare
1138 919 1261 994 μικροῖς
1273 919 1293 979 ¹.

231 1020 295 1088 Sed
315 1021 371 1086 illa
386 1021 512 1086 subtilla
528 1021 655 1104 generis
673 1020 863 1086 delinitione
879 1021 1014 1106 primum
1032 1013 1160 1103 quidem
1178 1023 1295 1088 omissa

123 1135 309 1210 statuamus,
335 1128 410 1212 quid
434 1129 465 1202 in
490 1129 672 1194 universum
696 1128 838 1194 ePhotii
858 1136 891 1194 et
914 1128 1108 1196 scholiastae
1130 1129 1237 1195 vorbis
1253 1129 1296 1218 sit

124 1234 377 1303 concludendum
403 1233 443 1299 ad
469 1235 574 1302 Procli
597 1236 769 1318 genuinum
794 1234 909 1300 librum
932 1234 1173 1301 restituendum.
1219 1235 1295 1300 Kai-

124 1343 227 1410 belius
250 1350 282 1408 et
295 1341 496 1406 Immischius
512 1341 685 1426 praecipue
703 1361 741 1406 eo
763 1340 929 1422 differunt,
955 1341 1039 1424 quod
1054 1322 1116 1408 ’ίΙΙα
1140 1342 1296 1408 scholium

125 1457 253 1516 secutus
285 1447 422 1514 medium
457 1456 489 1513 et
517 1448 666 1513 floridum
700 1467 800 1531 genus
830 1469 892 1513 non
923 1448 1103 1532 distinguit,
1143 1467 1214 1514 cum
1245 1450 1296 1523 hic

125 1558 234 1622 Photii
251 1556 357 1621 verbis
380 1575 534 1620 summam
556 1555 618 1620 vim
643 1556 777 1621 tribuat:
800 1556 956 1634 Ἀ’νθηρὸν
980 1557 1016 1620 δὲ
1039 1557 1106 1620 κατ’
1131 1557 1215 1622 ἰδίαν
1239 1557 1298 1622 οὐκ

126 1666 195 1730 ἔστι
210 1664 352 1742 πλάσμα.
377 1662 442 1729 Sed
459 1683 562 1745 neque
577 1663 629 1727 hic
647 1682 750 1745 neque
767 1663 821 1728 ille
835 1664 946 1730 merito
962 1664 994 1727 in
1008 1664 1192 1729 alterutrius
1205 1665 1297 1730 testis

127 1772 226 1838 verba
241 1772 347 1836 iurare
364 1769 500 1836 videtur.
537 1769 627 1834 Alter
651 1771 740 1834 locus
763 1790 835 1835 mea
852 1769 986 1861 ¹quidem
1010 1771 1171 1836 sententia
1195 1771 1299 1837 altero

127 1885 234 1964 potest
266 1877 418 1962 suppleri.
464 1877 597 1942 Proclus
630 1878 723 1958 enim,
760 1886 794 1941 ut
826 1877 918 1959 solet,
951 1898 1013 1944 non
1049 1877 1142 1942 unam
1174 1885 1296 1944 tantum

127 1986 317 2052 sententiam
332 1984 601 2050 commemoravit.
631 1984 688 2049 Vel
701 2004 719 2049 e
732 1985 836 2049 verbis
849 1983 992 2063 ἀνθηρὸν
1009 1987 1043 2050 δὲ
1055 1992 1122 2050 κατ’
1135 1985 1218 2050 ἰδίαν
1231 1989 1297 2052 κτλ.

128 2093 270 2159 eflicitur
294 2091 442 2157 Proclum
466 2099 577 2157 contra
601 2110 656 2156 eos
685 2110 855 2174 pugnasse,
889 2092 942 2173 qui
966 2110 1066 2174 genus
1091 2091 1238 2160 floridum
1263 2099 1299 2158 ut

128 2208 275 2282 quartum
300 2199 400 2263 tribus
424 2197 487 2262 illis
510 2197 713 2276 adserebant,
738 2197 771 2261 id
791 2197 877 2280 quod
900 2198 1021 2263 factum
1044 2197 1189 2264 videmus
1212 2198 1298 2283 apud

128 2306 328 2388 Diomedem,
349 2306 404 2371 nbi
421 2305 571 2388 legimus:
600 2305 789 2388 ,Poematos
805 2309 1001 2384 χαρακτῆρες
1018 2314 1091 2371 sunt
1115 2303 1298 2388 quattuor“,

128 2421 161 2480 et
178 2418 291 2496 quarto
310 2413 381 2477 loco
397 2417 614 2478 enumeratur:
643 2411 803 2496 ,dvenpdg
820 2420 854 2476 nt
877 2413 909 2476 in
921 2412 983 2479 Vll
1000 2413 1111 2496 (Verg.
1125 2413 1229 2492 Aen.)
1244 2413 1314 2478 ubi·

128 2521 355 2586 amoenitatem
388 2518 451 2584 luci
482 2538 521 2583 ae
553 2519 695 2584 fluminis
728 2517 939 2584 describendo
971 2519 1053 2584 lacit
1085 2521 1299 2602 uenationem

128 2626 196 2694 sic“
223 2628 266 2708 (v.
283 2626 439 2704 30-34).
490 2625 608 2692 Confer·
632 2626 728 2690 etiam
754 2626 909 2691 Macrobii
933 2626 1092 2691 Saturnal.
1116 2627 1144 2690 V
1172 2628 1242 2708 1,7
1269 2635 1301 2692 et

129 2753 321 2818 anonymum
350 2732 381 2797 in
413 2732 510 2797 Keilii
541 2733 648 2798 Gram.
675 2732 747 2799 Lat.
774 2733 816 2796 Vl
843 2753 873 2820 p.
891 2733 968 2815 274,
1002 2751 1082 2815 quos
1105 2733 1192 2800 locos
1215 2734 1301 2820 Kay-

129 2861 218 2908 serus
234 2863 265 2926 p.
279 2843 321 2906 83
333 2860 401 2922 sqq.
419 2841 537 2905 attulit.
578 2840 710 2906 Proclus
733 2841 830 2924 igitur
852 2841 921 2925 ipse
941 2842 1143 2923 sententiam,
1168 2852 1232 2923 qna¹
1248 2840 1301 2906 dv·

130 2950 231 3027 θηρὸν
254 2967 356 3031 genus
378 2947 493 3012 ceteris
517 2948 737 3031 subiungatur,
762 2949 887 3031 probat,
913 2948 1002 3014 cuius
1018 2949 1198 3014 sententiae
1215 2949 1301 3014 tosti·

130 3057 237 3120 monia
255 3054 340 3118 idem
357 3054 521 3138 Kayserus
537 3054 646 3119 attulit
663 3075 693 3139 p.
711 3054 749 3118 81
764 3074 845 3137 sqq,
868 3054 941 3120 dico
956 3054 1301 3121 Pseudo-Plutarchum

131 3162 186 3242 (de
209 3163 278 3227 vita
302 3168 334 3225 et
358 3162 446 3245 poesi
471 3161 600 3226 Homeri
624 3161 643 3226 l.
669 3181 692 3226 s.
719 3164 760 3241 c.)
785 3168 818 3226 et
841 3155 1021 3227 anecdoton
1046 3161 1181 3228 Estense
1204 3163 1302 3244 Ill,6

132 3272 175 3354 (ρ.
193 3269 236 3334 63
253 3268 317 3348 K.).
364 3267 429 3332 Sed
459 3274 627 3351 praeterea
655 3269 775 3343 tertia²
805 3269 907 3333 versio
937 3266 1023 3352 apud
1048 3268 1196 3333 Proclum
1222 3268 1302 3334 exti-

131 3376 209 3449 tisse
231 3374 369 3456 videtur,
394 3394 476 3456 quae
499 3374 621 3441 scholio
645 3382 774 3441 servata
797 3380 861 3440 est:
895 3373 1038 3453 ἀνθηρὸν
1060 3376 1098 3440 τὸ
1123 3376 1224 3454 μέσον
1248 3374 1303 3455 ἀμ-

131 3487 221 3564 φοῖν.
269 3482 305 3546 ln
329 3481 450 3547 scholio
474 3501 612 3546 errorem
640 3483 805 3566 irrepsisse
833 3481 885 3546 vel
913 3489 1085 3566 propterea
1109 3483 1176 3548 veri
1200 3483 1302 3548 simile

132 3611 195 3654 non
225 3596 284 3670 est,
316 3587 401 3670 quod
430 3596 642 3672 congruenter
672 3590 733 3653 tria
762 3597 884 3654 tantum
905 3601 1034 3671 ‘genera
1069 3597 1302 3670 enumerantur,

131 3698 194 3761 tria
222 3683 418 3761 definiuntur·
446 3703 478 3760 et
505 3694 660 3779 exemplIs
688 3695 886 3761 illustrantur
909 3703 1007 3778 alque
1031 3696 1093 3761 tria
1116 3695 1197 3761 vitia
1220 3715 1302 3762 com·

132 3809 363 3868 memorantur:
403 3800 586 3867 Ἀντίκειται
614 3796 652 3867 ’δὲ
681 3808 726 3887 τῷ
757 3804 814 3882 μὲν
842 3801 930 3888 ἁδρῷ
959 3804 996 3866 τὸ
1025 3804 1168 3882 σκληρὸν
1192 3805 1242 3867 καὶ
1265 3804 1303 3867 τὸ

135 3909 245 3990 βραχύ,
274 3915 319 3994 τῷ
343 3914 378 3974 δε
402 3909 503 3993 ἰσχνῷ
526 3910 563 3974 τὸ
587 3909 690 3974 πλατὺ
715 3909 826 3975 καὶτὸ
850 3908 951 3988 παχύ·
985 3915 1031 3996 τῷ
1054 3912 1091 3974 δὲ
1113 3909 1242 3994 ἀνθηρῷ
1266 3911 1303 3974 τὸ

134 4016 287 4094 ἀγλευκὲς
321 4019 372 4082 καὶ
403 4017 441 4082 τὸ
475 4017 648 4094 λογοειδές.
696 4015 794 4082 Cuius
827 4016 993 4082 doctrinae
1025 4017 1186 4101 vestigia⁸
1217 4018 1303 4084 inve·

241 4193 251 4230 ¹
272 4193 463 4250 Conlerenda
477 4193 667 4248 commendat
680 4193 964 4250 Pseudo-Plutarch.
979 4195 1017 4248 de
1028 4196 1094 4274 ¹vita
1108 4202 1137 4250 et
1152 4197 1235 4266 poesi
1246 4195 1304 4248 Ho-

136 4285 210 4340 meri
229 4283 342 4341 LXXII
362 4288 392 4338 et
410 4282 544 4337 LXXIII.
575 4283 781 4338 Fortunatian.
802 4300 829 4354 p.
845 4284 903 4350 125,
917 4284 951 4340 27
965 4284 1000 4338 Η.
1033 4281 1092 4340 Cic.
1114 4290 1197 4346 orat„
1209 4285 1268 4338 100.

242 4369 309 4428 2'ef.
328 4373 473 4428 Krollium
494 4374 524 4425 In
545 4372 619 4427 Mus.
641 4373 732 4428 Rhen.
752 4373 810 4428 vol.
831 4363 914 4430 LXII
935 4389 962 4444 p.
977 4374 1019 4426 89.

242 4459 310 4517 δαΐ.
332 4462 460 4528 Schmid,
481 4461 555 4516 Mus.
576 4461 669 4516 Rhen.
690 4462 748 4518 vol.
767 4461 806 4516 IL
825 4478 853 4532 p.
867 4461 920 4514 142
929 4477 993 4536 sqq.
