3118 5044
753 311 927 368 -4(3..

254 495 331 560 inde
350 517 370 559 a
393 495 522 560 saeculo
546 502 660 578 quarto
691 516 791 579 usque
819 495 1010 560 adscitum
1035 497 1083 560 usi
1107 497 1171 560 siut
1195 503 1321 561 constat
1344 497 1429 560 inter

255 623 365 667 omnes
379 606 413 683 ¹).
484 602 682 686 Quicumque
716 604 912 668 imitatorum
948 604 1092 684 nomina,
1133 624 1215 685 quae
1250 603 1428 668 Ahrensins

255 710 378 789 (Bucol.
407 709 522 774 Graec.
552 710 609 774 rel.
633 710 697 776 vol.
723 711 751 790 l)
786 711 927 794 collegit,
960 710 1214 795 perlustraverit,
1250 710 1328 775 illnd
1354 730 1427 794 pro·
1467 784 1476 795 ,

255 817 364 881 batum
388 817 540 882 inveniet.
576 817 690 898 Neque
714 818 817 881 minor
837 825 887 882 cst
909 838 1057 882 numerus
1074 819 1335 899 testimoniorum,
1361 818 1428 898 qui·

255 925 314 989 bus
346 944 441 1007 qnam
476 925 608 989 multum
639 923 804 990 Theocriti
838 926 980 989 carmina
1014 925 1098 990 lecta
1132 927 1196 995 sint
1228 925 1284 989 illa
1317 929 1427 989 aetate

255 1032 473 1112 confirmatur,
506 1051 589 1114 quac
621 1030 707 1096 idem
733 1031 906 1098 Ahrensins
930 1034 1119 1117 composuit.
1158 1033 1337 1098 Occurrunt
1360 1033 1427 1096 illic

254 1139 384 1202 nomina
407 1137 495 1202 velut
520 1138 640 1220 Basilii,
666 1138 823 1222 Gregorii,
848 1139 962 1208 Iuliani
981 1141 1168 1223 Apostatae,
1191 1138 1330 1224 Synesii,
1357 1139 1427 1205 Ori-

255 1248 335 1329 onis,
369 1245 509 1328 Syriaci,
542 1246 703 1329 Procopii,
735 1246 903 1330 Simplicii.
965 1247 1104 1310 Maxime
1136 1246 1343 1330 premendum
1377 1255 1427 1311 est

256 1353 410 1418 bucolicis
438 1372 635 1436 magnopere
662 1335 824 1418 studuisse
846 1352 1008 1434 Orionem,
1041 1353 1147 1418 Procli
1171 1361 1427 1437 praeceptorem,

255 1460 308 1541 qui
325 1459 467 1528 Theonis
491 1459 662 1537 ὑπόμνημα
685 1459 718 1522 in
739 1459 945 1524 Theocritum
969 1461 1121 1544 scriptum
1145 1461 1178 1523 in
1201 1460 1348 1525 manibus
1372 1459 1426 1524 ha-

254 1567 333 1648 buit,
359 1573 392 1630 ut
414 1564 524 1631 docuit
538 1565 666 1630 Wilam.
683 1566 735 1632 l.l.
752 1588 784 1650 p.
799 1568 871 1631 110.
919 1565 1045 1631 Deinde
1068 1567 1101 1630 in
1114 1566 1254 1651 Syriani,
1278 1568 1332 1649 qui
1355 1567 1426 1652 ipse

255 1693 381 1756 quoque
397 1679 467 1737 crat
481 1673 586 1738 Procli
601 1681 802 1758 praeceptor,
827 1674 1054 1738 commentario
1078 1675 1110 1737 in
1123 1673 1337 1757 Hermogenis
1353 1677 1426 1752 περὶ

161 1787 163 1792 ’
254 1781 349 1844 ἰδεῶν
373 1781 494 1865 scripto
510 1780 702 1845 Theocritus
725 1781 854 1864 saepius
878 1800 973 1862 quam
997 1780 1152 1846 classicae
1168 1782 1284 1846 aetatis
1308 1789 1426 1864 poetae

254 1888 342 1952 velut
370 1885 541 1972 Euripides
574 1886 733 1951 laudatur.
780 1887 902 1965 Quibus
935 1889 1083 1953 omnibus
1115 1887 1312 1969 deliberatis,
1349 1889 1424 1970 quin

254 1995 401 2061 bucolica
436 2016 456 2058 a
490 1994 604 2059 Proclo
639 1995 672 2058 in
707 1994 958 2060 chrestomathia
994 2003 1134 2060 tractata
1169 1997 1242 2078 sint,
1275 1995 1422 2078 equidem

253 2123 317 2168 non
340 2099 463 2166 dubito.

361 2208 473 2274 Utrum
497 2209 560 2272 iam
583 2209 768 2292 eclogarum
791 2210 929 2294 scriptor
953 2230 992 2274 ea
1015 2209 1167 2291 omiserit,
1199 2231 1239 2274 an
1263 2232 1283 2274 a
1305 2211 1421 2276 Photio

253 2315 381 2380 demum
409 2315 558 2398 neglecta
587 2317 661 2397 sint,
694 2315 874 2381 diiudicare
904 2317 988 2382 nolo.
1036 2317 1112 2382 Veri
1136 2317 1264 2399 quidem
1289 2318 1421 2383 similius

254 2422 331 2486 mihi
355 2442 425 2488 esse
449 2421 585 2504 videtur,
621 2423 653 2487 in
687 2423 807 2506 eclogis
840 2444 902 2487 non
935 2425 999 2487 iam
1024 2443 1063 2488 ea
1087 2425 1243 2506 extitisse,
1278 2424 1313 2489 id
1336 2425 1421 2507 quod

253 2530 332 2595 satis
355 2537 475 2596 certum
499 2529 550 2611 fit,
583 2530 610 2594 si
634 2529 801 2595 Michaelis
824 2531 930 2596 Italici
961 2538 1151 2615 conspectus
1182 2553 1243 2596 non
1267 2552 1285 2596 e
1308 2532 1422 2597 Photio

254 2634 311 2701 sed
335 2657 374 2701 ex
399 2637 582 2720 eclogarum
615 2636 755 2702 editione
788 2639 967 2722 exscriptus
992 2646 1051 2702 est.
1098 2638 1305 2720 Quocumque
1328 2639 1422 2703 modo

254 2763 363 2810 resse
396 2743 505 2825 habet,
539 2743 646 2808 Photii
679 2745 878 2829 potissimum
907 2751 1015 2810 aetate
1045 2747 1259 2810 bucolicorum
1284 2747 1422 2811 studium

254 2851 415 2914 minimum
446 2850 545 2914 fuisse
569 2858 710 2932 constat,
742 2852 784 2914 cl.
802 2851 928 2916 Wilam.
951 2852 971 2916 l.
989 2853 1010 2916 l.
1028 2874 1059 2937 p.
1076 2853 1107 2917 5.
1154 2852 1219 2918 Sed
1244 2853 1420 2935 videamus,

253 2978 327 3021 num
351 2957 489 3038 quaein
513 2957 671 3022 anecdoto
695 2957 736 3022 de
761 2958 908 3024 bucolica
931 2961 1021 3042 poesi
1043 2959 1242 3042 exhibentur,
1267 2963 1298 3025 in
1317 2962 1422 3026 Procli

242 3062 503 3154 ¹chrestomuthia
548 3071 659 3129 extare
705 3067 877 3148 potuerint.
944 3065 1034 3142 Quae
1073 3065 1179 3132 adhuc
1219 3061 1426 3134 innotuerunt

253 3171 480 3256 prolegomena
505 3170 653 3251 (Ahrens.
679 3171 757 3236 Buc.
785 3171 841 3238 Gr.
866 3173 923 3236 rel.
949 3173 1011 3236 vol.
1038 3174 1094 3255 ll),
1119 3175 1246 3239 etiamsi
1269 3177 1422 3259 pauciora

252 3285 326 3343 sunt
349 3298 444 3360 quam
469 3297 551 3359 quae
575 3277 740 3343 Anecdoto
758 3279 884 3344 Estensi
909 3280 1112 3362 praebentur,
1138 3287 1244 3346 tamen
1269 3303 1341 3346 cum
1361 3283 1421 3348 hoc

252 3387 299 3450 ita
332 3392 520 3468 congruunt,
554 3392 588 3449 ut
617 3385 657 3449 de
686 3386 841 3451 ambobus
866 3387 959 3452 simul
983 3406 1080 3470 agere
1104 3389 1270 3471 possimus.
1317 3392 1422 3455 Antea

252 3499 357 3557 atttem
391 3491 582 3556 monendum
616 3499 664 3556 est
689 3512 737 3573 ea,
771 3513 853 3574 quae
878 3491 918 3558 de
943 3493 1097 3558 bucolicis
1120 3494 1239 3559 tradita
1263 3504 1347 3579 sunt,
1381 3517 1418 3562 co

253 3599 385 3664 consilio
419 3618 489 3666 esse
520 3599 707 3683 composita,
741 3606 775 3663 ut
809 3598 941 3665 editioni
976 3600 1139 3666 Theocriti
1174 3601 1301 3667 cuidam
1334 3625 1422 3688 prac-

252 3712 456 3791 ponerentur,
487 3705 528 3770 cf.
552 3706 732 3790 Kayserum
756 3728 787 3791 p.
806 3707 859 3772 76.

358 3813 465 3877 Primo
490 3814 560 3879 loco
584 3813 617 3877 in
641 3813 799 3878 anecdoto
824 3815 962 3896 Estensi,
988 3817 1102 3897 quibus
1126 3838 1198 3882 cum
1219 3805 1422 3884 caerimoniis

253 3923 395 3987 carmina
423 3921 570 3985 bucolica
600 3926 730 3987 cantata
753 3923 826 4005 sint,
859 3928 1022 4003 narratum
1058 3943 1141 4005 quae
1165 3927 1307 3990 narratio
1331 3927 1422 3991 initio

357 4115 368 4152 ¹
387 4118 423 4170 cl.
436 4115 643 4184 Wilamowitz,
662 4116 845 4187 Textgesch.
860 4117 888 4171 d.
907 4118 1020 4188 griech.
1031 4117 1197 4173 Brrkoliker
1208 4137 1236 4191 p.
1249 4121 1265 4174 5
1285 4123 1327 4187 (in
1342 4137 1421 4175 cotn-

252 4213 342 4261 mcnt.
360 4206 460 4276 philol.
486 4221 504 4258 a
528 4205 633 4259 Kiessl.
658 4211 688 4260 et
707 4205 825 4261 Wilam.
850 4207 918 4261 edit.
946 4207 1001 4260 vol.
1021 4207 1147 4275 XVIll):
1176 4209 1232 4262 Die
1257 4209 1423 4264 Bukolihcr

252 4297 319 4350 sind
338 4297 370 4349 in
389 4296 449 4350 den
469 4294 715 4350 Jahrhunderten
735 4297 805 4350 4-6
824 4313 904 4368 ganz
924 4298 1090 4351 besonders
1110 4314 1185 4367 gem
1205 4300 1328 4368 gelcsen
1350 4316 1422 4352 wor-

252 4385 322 4454 deu3
352 4385 402 4439 dic
422 4386 756 4455 egyptischganttische
775 4387 1003 4440 Dichterschule
1024 4388 1125 4440 ahmte
1149 4389 1192 4441 sie
1212 4389 1324 4442 ebenso
1345 4405 1421 4457 geru

252 4475 329 4530 nach
348 4476 405 4530 wie
426 4474 474 4529 die
494 4474 653 4529 asiatischc
673 4475 921 4547 Epigrammatik.
951 4476 984 4531 V.
1004 4478 1094 4530 etiam
1115 4494 1142 4546 p.
1159 4477 1208 4530 106
1218 4493 1282 4547 sqq.
1376 4492 1378 4496 ·
