<?xml version="1.0" encoding="UTF-8"?>
<!DOCTYPE html PUBLIC "-//W3C//DTD XHTML 1.0 Transitional//EN"
    "http://www.w3.org/TR/xhtml1/DTD/xhtml1-transitional.dtd">
<html xmlns="http://www.w3.org/1999/xhtml" xml:lang="en" lang="en">
 <head>
  <title>
</title>
<meta http-equiv="Content-Type" content="text/html;charset=utf-8" />
  <meta name='ocr-system' content='tesseract 3.04.00' />
  <meta name='ocr-capabilities' content='ocr_page ocr_carea ocr_par ocr_line ocrx_word'/>
</head>
<body>
  <div class='ocr_page' id='page_1' title='image "./deproclichresto01steigoog_0026.png"; bbox 0 0 3118 5044; ppageno 0'>
   <div class='ocr_carea' id='block_1_1' title="bbox 627 355 802 408">
    <p class='ocr_par' dir='ltr' id='par_1_1' title="bbox 627 355 802 408">
     <span class='ocr_line' id='line_1_1' title="bbox 627 355 802 408; baseline 0 -14"><span class='ocrx_word' id='word_1_1' title='bbox 627 355 802 408; x_wconf 48' lang='lat'><strong>*19*</strong></span> 
     </span>
    </p>
   </div>
   <div class='ocr_carea' id='block_1_2' title="bbox 123 525 1308 3081">
    <p class='ocr_par' dir='ltr' id='par_1_2' title="bbox 123 525 1308 710">
     <span class='ocr_line' id='line_1_2' title="bbox 123 525 1308 618; baseline 0.001 -15"><span class='ocrx_word' id='word_1_2' title='bbox 123 557 208 618; x_wconf 91' lang='grc' dir='ltr'>μενα</span> <span class='ocrx_word' id='word_1_3' title='bbox 232 538 282 602; x_wconf 86' lang='grc' dir='ltr'><strong>καὶ</strong></span> <span class='ocrx_word' id='word_1_4' title='bbox 307 537 431 614; x_wconf 88' lang='grc' dir='ltr'>λέγεται</span> <span class='ocrx_word' id='word_1_5' title='bbox 455 535 643 615; x_wconf 88' lang='grc' dir='ltr'>παρθενικὰ·</span> <span class='ocrx_word' id='word_1_6' title='bbox 675 535 919 617; x_wconf 88' lang='grc' dir='ltr'>δαφνηφορικά·</span> <span class='ocrx_word' id='word_1_7' title='bbox 950 525 1175 618; x_wconf 51' lang='grc' dir='ltr'>ὀσχοφορικάῖ</span> <span class='ocrx_word' id='word_1_8' title='bbox 1203 537 1254 618; x_wconf 83' lang='grc' dir='ltr'><strong>καὶ</strong></span> <span class='ocrx_word' id='word_1_9' title='bbox 1278 537 1308 604; x_wconf 84' lang='lat' dir='ltr'><strong>ri</strong></span> 
     </span>
     <span class='ocr_line' id='line_1_3' title="bbox 123 645 518 710; baseline 0 -1"><span class='ocrx_word' id='word_1_10' title='bbox 123 647 197 710; x_wconf 89' lang='grc' dir='ltr'>ἐστι</span> <span class='ocrx_word' id='word_1_11' title='bbox 221 645 346 710; x_wconf 84' lang='grc' dir='ltr'>τούτων</span> <span class='ocrx_word' id='word_1_12' title='bbox 370 645 518 709; x_wconf 84' lang='grc' dir='ltr'>ἕκαστον.</span> 
     </span>
    </p>

    <p class='ocr_par' dir='ltr' id='par_1_3' title="bbox 123 750 1306 1479">
     <span class='ocr_line' id='line_1_4' title="bbox 237 750 1304 837; baseline -0.002 -19"><span class='ocrx_word' id='word_1_13' title='bbox 237 752 316 818; x_wconf 83' lang='lat' dir='ltr'><strong>Cum</strong></span> <span class='ocrx_word' id='word_1_14' title='bbox 340 751 508 816; x_wconf 78' lang='lat' dir='ltr'><strong>Michaelis</strong></span> <span class='ocrx_word' id='word_1_15' title='bbox 537 759 728 835; x_wconf 83' lang='lat' dir='ltr'><strong>conspectus</strong></span> <span class='ocrx_word' id='word_1_16' title='bbox 757 757 789 816; x_wconf 89' lang='lat' dir='ltr'><strong>et</strong></span> <span class='ocrx_word' id='word_1_17' title='bbox 819 771 919 833; x_wconf 91' lang='lat' dir='ltr'><strong>usque</strong></span> <span class='ocrx_word' id='word_1_18' title='bbox 949 750 991 815; x_wconf 85' lang='lat' dir='ltr'><strong>ad</strong></span> <span class='ocrx_word' id='word_1_19' title='bbox 1020 753 1142 837; x_wconf 82' lang='lat' dir='ltr'>poesim</span> <span class='ocrx_word' id='word_1_20' title='bbox 1169 752 1304 837; x_wconf 80' lang='lat' dir='ltr'><strong>lyricam</strong></span> 
     </span>
     <span class='ocr_line' id='line_1_5' title="bbox 123 857 1304 944; baseline 0 -21"><span class='ocrx_word' id='word_1_21' title='bbox 123 860 296 944; x_wconf 86' lang='lat' dir='ltr'><strong>perveniat</strong></span> <span class='ocrx_word' id='word_1_22' title='bbox 330 859 419 942; x_wconf 86' lang='lat' dir='ltr'><strong>poesi</strong></span> <span class='ocrx_word' id='word_1_23' title='bbox 455 857 634 922; x_wconf 87' lang='lat' dir='ltr'><strong>dramatico</strong></span> <span class='ocrx_word' id='word_1_24' title='bbox 663 857 812 940; x_wconf 82' lang='lat' dir='ltr'><strong>neglecta</strong></span> <span class='ocrx_word' id='word_1_25' title='bbox 841 865 873 922; x_wconf 88' lang='lat' dir='ltr'><strong>et</strong></span> <span class='ocrx_word' id='word_1_26' title='bbox 902 857 995 941; x_wconf 86' lang='lat' dir='ltr'><strong>plura</strong></span> <span class='ocrx_word' id='word_1_27' title='bbox 1024 859 1179 942; x_wconf 82' lang='lat' dir='ltr'><strong>praebeat</strong></span> <span class='ocrx_word' id='word_1_28' title='bbox 1210 879 1304 940; x_wconf 85' lang='lat' dir='ltr'><strong>quam</strong></span> 
     </span>
     <span class='ocr_line' id='line_1_6' title="bbox 125 962 1301 1048; baseline -0.001 -18"><span class='ocrx_word' id='word_1_29' title='bbox 125 965 265 1030; x_wconf 86' lang='lat' dir='ltr'><strong>Pholius</strong></span> <span class='ocrx_word' id='word_1_30' title='bbox 289 965 414 1030; x_wconf 91' lang='lat' dir='ltr'><strong>duobus</strong></span> <span class='ocrx_word' id='word_1_31' title='bbox 438 963 518 1028; x_wconf 86' lang='lat' dir='ltr'><strong>loeis</strong></span> <span class='ocrx_word' id='word_1_32' title='bbox 542 964 645 1043; x_wconf 81' lang='lat' dir='ltr'><strong>(iuxta</strong></span> <span class='ocrx_word' id='word_1_33' title='bbox 669 962 884 1028; x_wconf 91' lang='lat' dir='ltr'><strong>Phemonoam</strong></span> <span class='ocrx_word' id='word_1_34' title='bbox 908 963 1052 1029; x_wconf 86' lang='lat' dir='ltr'><strong>nominat</strong></span> <span class='ocrx_word' id='word_1_35' title='bbox 1074 965 1178 1032; x_wconf 89' lang='lat' dir='ltr'><strong>Demo</strong></span> <span class='ocrx_word' id='word_1_36' title='bbox 1202 987 1301 1048; x_wconf 84' lang='lat' dir='ltr'><strong>gram·</strong></span> 
     </span>
     <span class='ocr_line' id='line_1_7' title="bbox 123 1071 1304 1156; baseline 0 -20"><span class='ocrx_word' id='word_1_37' title='bbox 123 1073 280 1138; x_wconf 90' lang='lat' dir='ltr'><strong>maticam</strong></span> <span class='ocrx_word' id='word_1_38' title='bbox 297 1109 340 1116; x_wconf 89' lang='lat'><strong>—-</strong></span> <span class='ocrx_word' id='word_1_39' title='bbox 357 1077 413 1150; x_wconf 86' lang='grc' dir='ltr'>τῆς</span> <span class='ocrx_word' id='word_1_40' title='bbox 430 1073 465 1134; x_wconf 89' lang='grc' dir='ltr'>δέ</span> <span class='ocrx_word' id='word_1_41' title='bbox 481 1072 596 1149; x_wconf 84' lang='grc' dir='ltr'>τέχνας</span> <span class='ocrx_word' id='word_1_42' title='bbox 614 1072 888 1149; x_wconf 87' lang='grc' dir='ltr'>συγγραψαμένης</span> <span class='ocrx_word' id='word_1_43' title='bbox 906 1107 948 1118; x_wconf 93' lang='lat'><strong>-—</strong></span> <span class='ocrx_word' id='word_1_44' title='bbox 966 1078 998 1135; x_wconf 89' lang='lat' dir='ltr'><strong>et</strong></span> <span class='ocrx_word' id='word_1_45' title='bbox 1015 1071 1056 1137; x_wconf 90' lang='lat' dir='ltr'><strong>ad</strong></span> <span class='ocrx_word' id='word_1_46' title='bbox 1074 1071 1231 1156; x_wconf 81' lang='lat' dir='ltr'><strong>Panyasis</strong></span> <span class='ocrx_word' id='word_1_47' title='bbox 1252 1093 1304 1136; x_wconf 93' lang='lat' dir='ltr'><strong>no·</strong></span> 
     </span>
     <span class='ocr_line' id='line_1_8' title="bbox 123 1175 1304 1262; baseline 0 -19"><span class='ocrx_word' id='word_1_48' title='bbox 123 1199 201 1243; x_wconf 91' lang='lat' dir='ltr'><strong>men</strong></span> <span class='ocrx_word' id='word_1_49' title='bbox 226 1178 319 1244; x_wconf 88' lang='lat' dir='ltr'><strong>addit</strong></span> <span class='ocrx_word' id='word_1_50' title='bbox 342 1179 592 1256; x_wconf 83' lang='grc' dir='ltr'>γνωριμώτατος</span> <span class='ocrx_word' id='word_1_51' title='bbox 616 1177 694 1255; x_wconf 88' lang='grc' dir='ltr'>μετὰ</span> <span class='ocrx_word' id='word_1_52' title='bbox 717 1175 884 1258; x_wconf 88' lang='grc' dir='ltr'>Ὅμηρον),</span> <span class='ocrx_word' id='word_1_53' title='bbox 915 1177 1209 1262; x_wconf 86' lang='lat' dir='ltr'><strong>epistolographum</strong></span> <span class='ocrx_word' id='word_1_54' title='bbox 1242 1199 1304 1243; x_wconf 95' lang='lat' dir='ltr'><strong>non</strong></span> 
     </span>
     <span class='ocr_line' id='line_1_9' title="bbox 125 1283 1306 1370; baseline 0.001 -19"><span class='ocrx_word' id='word_1_55' title='bbox 125 1307 145 1351; x_wconf 91' lang='lat' dir='ltr'><strong>e</strong></span> <span class='ocrx_word' id='word_1_56' title='bbox 172 1285 288 1351; x_wconf 91' lang='lat' dir='ltr'><strong>Photio</strong></span> <span class='ocrx_word' id='word_1_57' title='bbox 312 1284 368 1350; x_wconf 89' lang='lat' dir='ltr'><strong>sed</strong></span> <span class='ocrx_word' id='word_1_58' title='bbox 394 1305 433 1350; x_wconf 84' lang='lat' dir='ltr'><strong>ex</strong></span> <span class='ocrx_word' id='word_1_59' title='bbox 458 1285 641 1368; x_wconf 80' lang='lat' dir='ltr'><strong>eclogarum</strong></span> <span class='ocrx_word' id='word_1_60' title='bbox 673 1283 814 1350; x_wconf 91' lang='lat' dir='ltr'><strong>editione</strong></span> <span class='ocrx_word' id='word_1_61' title='bbox 842 1285 912 1370; x_wconf 85' lang='lat' dir='ltr'><strong>ipsa</strong></span> <span class='ocrx_word' id='word_1_62' title='bbox 936 1284 1080 1350; x_wconf 79' lang='lat' dir='ltr'><strong>hausisse</strong></span> <span class='ocrx_word' id='word_1_63' title='bbox 1105 1283 1306 1352; x_wconf 89' lang='lat' dir='ltr'><strong>lmmisehios</strong></span> 
     </span>
     <span class='ocr_line' id='line_1_10' title="bbox 124 1391 1134 1479; baseline -0.002 -21"><span class='ocrx_word' id='word_1_64' title='bbox 124 1395 279 1479; x_wconf 88' lang='lat' dir='ltr'><strong>probavit</strong></span> <span class='ocrx_word' id='word_1_65' title='bbox 303 1393 323 1455; x_wconf 91' lang='lat' dir='ltr'><strong>l.</strong></span> <span class='ocrx_word' id='word_1_66' title='bbox 342 1393 361 1460; x_wconf 88' lang='lat' dir='ltr'><strong>l.</strong></span> <span class='ocrx_word' id='word_1_67' title='bbox 387 1414 416 1478; x_wconf 90' lang='lat' dir='ltr'><strong>p.</strong></span> <span class='ocrx_word' id='word_1_68' title='bbox 435 1393 514 1472; x_wconf 73' lang='lat'><strong>2413</strong></span> <span class='ocrx_word' id='word_1_69' title='bbox 540 1391 582 1455; x_wconf 87' lang='lat' dir='ltr'><strong>cf.</strong></span> <span class='ocrx_word' id='word_1_70' title='bbox 607 1392 703 1455; x_wconf 88' lang='lat' dir='ltr'><strong>etiam</strong></span> <span class='ocrx_word' id='word_1_71' title='bbox 729 1391 904 1456; x_wconf 89' lang='lat' dir='ltr'><strong>Usenerum</strong></span> <span class='ocrx_word' id='word_1_72' title='bbox 928 1392 948 1455; x_wconf 92' lang='lat' dir='ltr'><strong>l.</strong></span> <span class='ocrx_word' id='word_1_73' title='bbox 966 1392 987 1455; x_wconf 89' lang='lat' dir='ltr'><strong>l.</strong></span> <span class='ocrx_word' id='word_1_74' title='bbox 1011 1412 1042 1475; x_wconf 88' lang='lat' dir='ltr'><strong>p.</strong></span> <span class='ocrx_word' id='word_1_75' title='bbox 1060 1394 1134 1456; x_wconf 83' lang='lat'>414.</span> 
     </span>
    </p>

    <p class='ocr_par' dir='ltr' id='par_1_4' title="bbox 125 1497 1307 3081">
     <span class='ocr_line' id='line_1_11' title="bbox 237 1497 1304 1584; baseline 0.001 -20"><span class='ocrx_word' id='word_1_76' title='bbox 237 1501 268 1564; x_wconf 75' lang='lat'><strong>5.</strong></span> <span class='ocrx_word' id='word_1_77' title='bbox 306 1499 396 1577; x_wconf 80' lang='lat' dir='ltr'><strong>Quae</strong></span> <span class='ocrx_word' id='word_1_78' title='bbox 420 1500 452 1563; x_wconf 94' lang='lat' dir='ltr'><strong>in</strong></span> <span class='ocrx_word' id='word_1_79' title='bbox 468 1498 591 1563; x_wconf 90' lang='lat' dir='ltr'><strong>scholio</strong></span> <span class='ocrx_word' id='word_1_80' title='bbox 607 1499 639 1563; x_wconf 89' lang='lat' dir='ltr'><strong>in</strong></span> <span class='ocrx_word' id='word_1_81' title='bbox 652 1498 797 1564; x_wconf 86' lang='lat' dir='ltr'><strong>Platonis</strong></span> <span class='ocrx_word' id='word_1_82' title='bbox 809 1497 1053 1584; x_wconf 87' lang='lat' dir='ltr'><strong>Rempuhlicam</strong></span> <span class='ocrx_word' id='word_1_83' title='bbox 1070 1499 1165 1564; x_wconf 78' lang='lat'><strong>3940</strong></span> <span class='ocrx_word' id='word_1_84' title='bbox 1182 1503 1225 1584; x_wconf 87' lang='lat' dir='ltr'><strong>(p.</strong></span> <span class='ocrx_word' id='word_1_85' title='bbox 1240 1501 1304 1566; x_wconf 74' lang='lat'><strong>337</strong></span> 
     </span>
     <span class='ocr_line' id='line_1_12' title="bbox 125 1595 1307 1690; baseline 0 -18"><span class='ocrx_word' id='word_1_86' title='bbox 125 1609 318 1686; x_wconf 83' lang='lat' dir='ltr'><strong>Hermann.)</strong></span> <span class='ocrx_word' id='word_1_87' title='bbox 336 1606 376 1671; x_wconf 87' lang='lat' dir='ltr'><strong>de</strong></span> <span class='ocrx_word' id='word_1_88' title='bbox 394 1604 600 1690; x_wconf 86' lang='lat' dir='ltr'><strong>dithyrambo</strong></span> <span class='ocrx_word' id='word_1_89' title='bbox 613 1595 774 1686; x_wconf 86' lang='lat' dir='ltr'><strong>dicuntur,</strong></span> <span class='ocrx_word' id='word_1_90' title='bbox 788 1606 957 1670; x_wconf 88' lang='lat' dir='ltr'><strong>Procliana</strong></span> <span class='ocrx_word' id='word_1_91' title='bbox 973 1613 1055 1671; x_wconf 90' lang='lat' dir='ltr'><strong>sunt.</strong></span> <span class='ocrx_word' id='word_1_92' title='bbox 1084 1605 1134 1671; x_wconf 83' lang='lat' dir='ltr'><strong>cf.</strong></span> <span class='ocrx_word' id='word_1_93' title='bbox 1148 1607 1307 1672; x_wconf 87' lang='lat' dir='ltr'><strong>Mettauer</strong></span> 
     </span>
     <span class='ocr_line' id='line_1_13' title="bbox 125 1710 1304 1796; baseline -0.001 -17"><span class='ocrx_word' id='word_1_94' title='bbox 125 1717 181 1779; x_wconf 90' lang='lat' dir='ltr'><strong>De</strong></span> <span class='ocrx_word' id='word_1_95' title='bbox 205 1714 289 1779; x_wconf 86' lang='lat' dir='ltr'><strong>Plat.</strong></span> <span class='ocrx_word' id='word_1_96' title='bbox 313 1714 413 1779; x_wconf 91' lang='lat' dir='ltr'><strong>schol.</strong></span> <span class='ocrx_word' id='word_1_97' title='bbox 438 1713 553 1778; x_wconf 90' lang='lat' dir='ltr'><strong>fontib.</strong></span> <span class='ocrx_word' id='word_1_98' title='bbox 579 1734 609 1796; x_wconf 90' lang='lat' dir='ltr'><strong>p.</strong></span> <span class='ocrx_word' id='word_1_99' title='bbox 626 1713 680 1777; x_wconf 87' lang='grc'><strong>36.</strong></span> <span class='ocrx_word' id='word_1_100' title='bbox 730 1713 840 1777; x_wconf 86' lang='lat' dir='ltr'><strong>Utrum</strong></span> <span class='ocrx_word' id='word_1_101' title='bbox 871 1710 1046 1777; x_wconf 85' lang='lat' dir='ltr'><strong>scholiasta</strong></span> <span class='ocrx_word' id='word_1_102' title='bbox 1074 1732 1093 1778; x_wconf 92' lang='lat' dir='ltr'><strong>e</strong></span> <span class='ocrx_word' id='word_1_103' title='bbox 1119 1713 1234 1778; x_wconf 92' lang='lat' dir='ltr'><strong>Photio</strong></span> <span class='ocrx_word' id='word_1_104' title='bbox 1264 1735 1304 1778; x_wconf 89' lang='lat' dir='ltr'><strong>an</strong></span> 
     </span>
     <span class='ocr_line' id='line_1_14' title="bbox 127 1819 1305 1905; baseline -0.001 -19"><span class='ocrx_word' id='word_1_105' title='bbox 127 1842 148 1886; x_wconf 90' lang='lat' dir='ltr'><strong>e</strong></span> <span class='ocrx_word' id='word_1_106' title='bbox 175 1822 289 1886; x_wconf 90' lang='lat' dir='ltr'><strong>Proelo</strong></span> <span class='ocrx_word' id='word_1_107' title='bbox 314 1822 384 1905; x_wconf 89' lang='lat' dir='ltr'><strong>ipso</strong></span> <span class='ocrx_word' id='word_1_108' title='bbox 409 1819 560 1901; x_wconf 88' lang='lat' dir='ltr'><strong>hauserit,</strong></span> <span class='ocrx_word' id='word_1_109' title='bbox 595 1819 792 1884; x_wconf 87' lang='lat' dir='ltr'><strong>lllettauerns</strong></span> <span class='ocrx_word' id='word_1_110' title='bbox 819 1819 851 1883; x_wconf 94' lang='lat' dir='ltr'><strong>in</strong></span> <span class='ocrx_word' id='word_1_111' title='bbox 880 1821 1002 1884; x_wconf 89' lang='lat' dir='ltr'><strong>incerto</strong></span> <span class='ocrx_word' id='word_1_112' title='bbox 1033 1820 1192 1902; x_wconf 88' lang='lat' dir='ltr'><strong>relinquit.</strong></span> <span class='ocrx_word' id='word_1_113' title='bbox 1238 1821 1305 1887; x_wconf 86' lang='lat' dir='ltr'><strong>Sed</strong></span> 
     </span>
     <span class='ocr_line' id='line_1_15' title="bbox 125 1926 1305 2012; baseline 0 -19"><span class='ocrx_word' id='word_1_114' title='bbox 125 1928 286 1994; x_wconf 88' lang='lat' dir='ltr'><strong>scholium</strong></span> <span class='ocrx_word' id='word_1_115' title='bbox 316 1948 333 1992; x_wconf 92' lang='lat' dir='ltr'><strong>e</strong></span> <span class='ocrx_word' id='word_1_116' title='bbox 362 1928 443 1992; x_wconf 87' lang='lat' dir='ltr'><strong>libro</strong></span> <span class='ocrx_word' id='word_1_117' title='bbox 472 1926 612 2010; x_wconf 84' lang='lat' dir='ltr'><strong>genuino</strong></span> <span class='ocrx_word' id='word_1_118' title='bbox 640 1926 775 1991; x_wconf 81' lang='lat' dir='ltr'><strong>fluxisse</strong></span> <span class='ocrx_word' id='word_1_119' title='bbox 800 1935 970 2012; x_wconf 88' lang='lat' dir='ltr'><strong>propterea</strong></span> <span class='ocrx_word' id='word_1_120' title='bbox 993 1948 1050 2012; x_wconf 86' lang='lat' dir='ltr'><strong>pro</strong></span> <span class='ocrx_word' id='word_1_121' title='bbox 1075 1936 1164 1993; x_wconf 86' lang='lat' dir='ltr'><strong>certo</strong></span> <span class='ocrx_word' id='word_1_122' title='bbox 1189 1928 1305 1993; x_wconf 86' lang='lat' dir='ltr'><strong>haben·</strong></span> 
     </span>
     <span class='ocr_line' id='line_1_16' title="bbox 128 2033 1304 2124; baseline 0.003 -25"><span class='ocrx_word' id='word_1_123' title='bbox 128 2035 208 2100; x_wconf 89' lang='lat' dir='ltr'><strong>dum</strong></span> <span class='ocrx_word' id='word_1_124' title='bbox 233 2042 292 2111; x_wconf 88' lang='lat' dir='ltr'><strong>est,</strong></span> <span class='ocrx_word' id='word_1_125' title='bbox 318 2035 408 2124; x_wconf 91' lang='lat' dir='ltr'><strong>quod</strong></span> <span class='ocrx_word' id='word_1_126' title='bbox 428 2041 460 2099; x_wconf 88' lang='lat' dir='ltr'><strong>et</strong></span> <span class='ocrx_word' id='word_1_127' title='bbox 483 2035 637 2100; x_wconf 91' lang='lat' dir='ltr'><strong>scholium</strong></span> <span class='ocrx_word' id='word_1_128' title='bbox 663 2035 694 2097; x_wconf 90' lang='lat' dir='ltr'><strong>in</strong></span> <span class='ocrx_word' id='word_1_129' title='bbox 719 2033 786 2098; x_wconf 87' lang='lat' dir='ltr'><strong>fine</strong></span> <span class='ocrx_word' id='word_1_130' title='bbox 803 2035 895 2118; x_wconf 84' lang='lat' dir='ltr'><strong>plura</strong></span> <span class='ocrx_word' id='word_1_131' title='bbox 911 2036 1045 2119; x_wconf 87' lang='lat' dir='ltr'><strong>praehet</strong></span> <span class='ocrx_word' id='word_1_132' title='bbox 1062 2054 1156 2117; x_wconf 87' lang='lat' dir='ltr'><strong>quam</strong></span> <span class='ocrx_word' id='word_1_133' title='bbox 1171 2035 1304 2102; x_wconf 90' lang='lat' dir='ltr'><strong>Photius</strong></span> 
     </span>
     <span class='ocr_line' id='line_1_17' title="bbox 127 2139 1305 2231; baseline 0.001 -25"><span class='ocrx_word' id='word_1_134' title='bbox 127 2149 166 2206; x_wconf 90' lang='lat' dir='ltr'><strong>et</strong></span> <span class='ocrx_word' id='word_1_135' title='bbox 188 2139 344 2217; x_wconf 87' lang='lat' dir='ltr'><strong>scholium</strong></span> <span class='ocrx_word' id='word_1_136' title='bbox 368 2140 573 2215; x_wconf 86' lang='lat' dir='ltr'><strong>antecedens,</strong></span> <span class='ocrx_word' id='word_1_137' title='bbox 600 2161 662 2222; x_wconf 94' lang='lat' dir='ltr'><strong>quo</strong></span> <span class='ocrx_word' id='word_1_138' title='bbox 682 2139 722 2206; x_wconf 91' lang='lat' dir='ltr'><strong>de</strong></span> <span class='ocrx_word' id='word_1_139' title='bbox 739 2140 908 2223; x_wconf 83' lang='lat' dir='ltr'><strong>tragoedia</strong></span> <span class='ocrx_word' id='word_1_140' title='bbox 925 2149 957 2206; x_wconf 87' lang='lat' dir='ltr'><strong>et</strong></span> <span class='ocrx_word' id='word_1_141' title='bbox 975 2141 1141 2231; x_wconf 79' lang='lat' dir='ltr'><strong>comoedia</strong></span> <span class='ocrx_word' id='word_1_142' title='bbox 1158 2142 1305 2207; x_wconf 83' lang='lat' dir='ltr'><strong>aPhotio</strong></span> 
     </span>
     <span class='ocr_line' id='line_1_18' title="bbox 128 2248 1306 2333; baseline 0 -19"><span class='ocrx_word' id='word_1_143' title='bbox 128 2257 165 2314; x_wconf 84' lang='lat' dir='ltr'><strong>ct</strong></span> <span class='ocrx_word' id='word_1_144' title='bbox 189 2250 373 2332; x_wconf 83' lang='lat' dir='ltr'><strong>eclogarum</strong></span> <span class='ocrx_word' id='word_1_145' title='bbox 398 2248 520 2314; x_wconf 86' lang='lat' dir='ltr'><strong>editore</strong></span> <span class='ocrx_word' id='word_1_146' title='bbox 545 2248 601 2327; x_wconf 89' lang='lat' dir='ltr'><strong>(cf.</strong></span> <span class='ocrx_word' id='word_1_147' title='bbox 625 2255 735 2332; x_wconf 85' lang='lat' dir='ltr'><strong>supra)</strong></span> <span class='ocrx_word' id='word_1_148' title='bbox 760 2248 885 2313; x_wconf 90' lang='lat' dir='ltr'><strong>omissis</strong></span> <span class='ocrx_word' id='word_1_149' title='bbox 909 2249 1025 2331; x_wconf 83' lang='lat' dir='ltr'><strong>agitur,</strong></span> <span class='ocrx_word' id='word_1_150' title='bbox 1052 2249 1155 2333; x_wconf 89' lang='lat' dir='ltr'><strong>ipsum</strong></span> <span class='ocrx_word' id='word_1_151' title='bbox 1180 2268 1306 2331; x_wconf 89' lang='lat' dir='ltr'><strong>quoque</strong></span> 
     </span>
     <span class='ocr_line' id='line_1_19' title="bbox 126 2342 1304 2438; baseline -0.002 -16"><span class='ocrx_word' id='word_1_152' title='bbox 126 2355 174 2422; x_wconf 86' lang='lat' dir='ltr'><strong>ad</strong></span> <span class='ocrx_word' id='word_1_153' title='bbox 204 2357 352 2421; x_wconf 91' lang='lat' dir='ltr'><strong>Proclum</strong></span> <span class='ocrx_word' id='word_1_154' title='bbox 388 2354 482 2420; x_wconf 90' lang='lat' dir='ltr'><strong>redit.</strong></span> <span class='ocrx_word' id='word_1_155' title='bbox 529 2353 600 2431; x_wconf 84' lang='lat' dir='ltr'><strong>Qua</strong></span> <span class='ocrx_word' id='word_1_156' title='bbox 630 2353 671 2417; x_wconf 94' lang='lat' dir='ltr'><strong>de</strong></span> <span class='ocrx_word' id='word_1_157' title='bbox 701 2373 735 2419; x_wconf 91' lang='lat' dir='ltr'><strong>re</strong></span> <span class='ocrx_word' id='word_1_158' title='bbox 762 2354 848 2419; x_wconf 89' lang='lat' dir='ltr'><strong>infra</strong></span> <span class='ocrx_word' id='word_1_159' title='bbox 877 2342 1013 2438; x_wconf 86' lang='lat' dir='ltr'><strong>amplius</strong></span> <span class='ocrx_word' id='word_1_160' title='bbox 1043 2355 1215 2421; x_wconf 89' lang='lat' dir='ltr'><strong>disseretur</strong></span> <span class='ocrx_word' id='word_1_161' title='bbox 1248 2359 1304 2432; x_wconf 75' lang='lat' dir='ltr'><strong>(cl.</strong></span> 
     </span>
     <span class='ocr_line' id='line_1_20' title="bbox 128 2460 1303 2547; baseline -0.001 -19"><span class='ocrx_word' id='word_1_162' title='bbox 128 2464 345 2528; x_wconf 86' lang='lat' dir='ltr'><strong>Mettauerurn</strong></span> <span class='ocrx_word' id='word_1_163' title='bbox 370 2484 401 2547; x_wconf 83' lang='lat' dir='ltr'><strong>p.</strong></span> <span class='ocrx_word' id='word_1_164' title='bbox 419 2462 477 2542; x_wconf 76' lang='lat'><strong>363</strong></span> <span class='ocrx_word' id='word_1_165' title='bbox 502 2460 638 2526; x_wconf 88' lang='lat' dir='ltr'><strong>Seherer</strong></span> <span class='ocrx_word' id='word_1_166' title='bbox 663 2460 712 2526; x_wconf 90' lang='lat' dir='ltr'><strong>De</strong></span> <span class='ocrx_word' id='word_1_167' title='bbox 736 2460 807 2525; x_wconf 88' lang='lat' dir='ltr'><strong>Ael.</strong></span> <span class='ocrx_word' id='word_1_168' title='bbox 833 2462 965 2546; x_wconf 88' lang='lat' dir='ltr'><strong>Dionys.</strong></span> <span class='ocrx_word' id='word_1_169' title='bbox 985 2462 1065 2527; x_wconf 87' lang='lat' dir='ltr'><strong>Mus.</strong></span> <span class='ocrx_word' id='word_1_170' title='bbox 1092 2479 1123 2547; x_wconf 90' lang='lat' dir='ltr'><strong>p.</strong></span> <span class='ocrx_word' id='word_1_171' title='bbox 1136 2463 1180 2526; x_wconf 75' lang='lat'><strong>45</strong></span> <span class='ocrx_word' id='word_1_172' title='bbox 1204 2463 1303 2543; x_wconf 84' lang='lat' dir='ltr'><strong>adn).</strong></span> 
     </span>
     <span class='ocr_line' id='line_1_21' title="bbox 127 2567 1304 2653; baseline -0.004 -15"><span class='ocrx_word' id='word_1_173' title='bbox 127 2570 244 2653; x_wconf 87' lang='lat' dir='ltr'><strong>Neque</strong></span> <span class='ocrx_word' id='word_1_174' title='bbox 273 2571 371 2652; x_wconf 82' lang='lat' dir='ltr'><strong>igitur</strong></span> <span class='ocrx_word' id='word_1_175' title='bbox 400 2567 607 2634; x_wconf 86' lang='lat' dir='ltr'><strong>scholiastam</strong></span> <span class='ocrx_word' id='word_1_176' title='bbox 639 2574 672 2633; x_wconf 89' lang='lat' dir='ltr'><strong>et</strong></span> <span class='ocrx_word' id='word_1_177' title='bbox 696 2567 811 2633; x_wconf 92' lang='lat' dir='ltr'><strong>Photio</strong></span> <span class='ocrx_word' id='word_1_178' title='bbox 841 2575 873 2632; x_wconf 91' lang='lat' dir='ltr'><strong>et</strong></span> <span class='ocrx_word' id='word_1_179' title='bbox 902 2568 1015 2632; x_wconf 90' lang='lat' dir='ltr'><strong>Proelo</strong></span> <span class='ocrx_word' id='word_1_180' title='bbox 1045 2570 1184 2652; x_wconf 86' lang='lat' dir='ltr'><strong>genuino</strong></span> <span class='ocrx_word' id='word_1_181' title='bbox 1216 2589 1304 2635; x_wconf 90' lang='lat' dir='ltr'><strong>usum</strong></span> 
     </span>
     <span class='ocr_line' id='line_1_22' title="bbox 128 2674 1304 2764; baseline -0.003 -20"><span class='ocrx_word' id='word_1_182' title='bbox 128 2697 202 2744; x_wconf 88' lang='lat' dir='ltr'><strong>esse</strong></span> <span class='ocrx_word' id='word_1_183' title='bbox 227 2677 294 2742; x_wconf 89' lang='lat' dir='ltr'><strong>veri</strong></span> <span class='ocrx_word' id='word_1_184' title='bbox 319 2683 368 2742; x_wconf 89' lang='lat' dir='ltr'><strong>est</strong></span> <span class='ocrx_word' id='word_1_185' title='bbox 391 2675 502 2740; x_wconf 91' lang='lat' dir='ltr'><strong>simile.</strong></span> <span class='ocrx_word' id='word_1_186' title='bbox 541 2676 576 2740; x_wconf 92' lang='lat' dir='ltr'><strong>ln</strong></span> <span class='ocrx_word' id='word_1_187' title='bbox 601 2694 639 2740; x_wconf 91' lang='lat' dir='ltr'><strong>eo</strong></span> <span class='ocrx_word' id='word_1_188' title='bbox 664 2674 749 2757; x_wconf 90' lang='lat' dir='ltr'><strong>quod</strong></span> <span class='ocrx_word' id='word_1_189' title='bbox 774 2674 939 2757; x_wconf 89' lang='lat' dir='ltr'><strong>scholium,</strong></span> <span class='ocrx_word' id='word_1_190' title='bbox 965 2694 1026 2756; x_wconf 92' lang='lat' dir='ltr'><strong>quo</strong></span> <span class='ocrx_word' id='word_1_191' title='bbox 1043 2675 1084 2739; x_wconf 87' lang='lat' dir='ltr'><strong>de</strong></span> <span class='ocrx_word' id='word_1_192' title='bbox 1101 2674 1304 2764; x_wconf 87' lang='lat' dir='ltr'><strong>dithyrambo</strong></span> 
     </span>
     <span class='ocr_line' id='line_1_23' title="bbox 127 2780 1305 2878; baseline -0.001 -30"><span class='ocrx_word' id='word_1_193' title='bbox 127 2785 259 2878; x_wconf 27' lang='lat' dir='ltr'><strong>agitur&amp;</strong></span> <span class='ocrx_word' id='word_1_194' title='bbox 273 2783 314 2848; x_wconf 92' lang='lat' dir='ltr'><strong>ad</strong></span> <span class='ocrx_word' id='word_1_195' title='bbox 340 2783 469 2847; x_wconf 88' lang='lat' dir='ltr'><strong>verbum</strong></span> <span class='ocrx_word' id='word_1_196' title='bbox 495 2782 564 2846; x_wconf 87' lang='lat' dir='ltr'><strong>fere</strong></span> <span class='ocrx_word' id='word_1_197' title='bbox 589 2800 660 2845; x_wconf 88' lang='lat' dir='ltr'><strong>cum</strong></span> <span class='ocrx_word' id='word_1_198' title='bbox 685 2780 792 2846; x_wconf 92' lang='lat' dir='ltr'><strong>Photii</strong></span> <span class='ocrx_word' id='word_1_199' title='bbox 817 2788 970 2866; x_wconf 84' lang='lat' dir='ltr'><strong>excerpto</strong></span> <span class='ocrx_word' id='word_1_200' title='bbox 995 2783 1142 2865; x_wconf 86' lang='lat' dir='ltr'><strong>congruit</strong></span> <span class='ocrx_word' id='word_1_201' title='bbox 1170 2792 1305 2847; x_wconf 88' lang='lat' dir='ltr'><strong>nonest</strong></span> 
     </span>
     <span class='ocr_line' id='line_1_24' title="bbox 128 2888 1305 2974; baseline -0.003 -20"><span class='ocrx_word' id='word_1_202' title='bbox 128 2890 217 2974; x_wconf 91' lang='lat' dir='ltr'><strong>quod</strong></span> <span class='ocrx_word' id='word_1_203' title='bbox 242 2889 451 2970; x_wconf 85' lang='lat' dir='ltr'><strong>offendamus,</strong></span> <span class='ocrx_word' id='word_1_204' title='bbox 477 2909 547 2953; x_wconf 91' lang='lat' dir='ltr'><strong>oum</strong></span> <span class='ocrx_word' id='word_1_205' title='bbox 572 2908 642 2952; x_wconf 90' lang='lat' dir='ltr'><strong>eam</strong></span> <span class='ocrx_word' id='word_1_206' title='bbox 667 2895 802 2972; x_wconf 85' lang='lat' dir='ltr'><strong>partem,</strong></span> <span class='ocrx_word' id='word_1_207' title='bbox 828 2908 891 2970; x_wconf 89' lang='lat' dir='ltr'><strong>qua</strong></span> <span class='ocrx_word' id='word_1_208' title='bbox 915 2888 956 2953; x_wconf 88' lang='lat' dir='ltr'><strong>de</strong></span> <span class='ocrx_word' id='word_1_209' title='bbox 974 2888 1063 2972; x_wconf 89' lang='lat' dir='ltr'><strong>poesi</strong></span> <span class='ocrx_word' id='word_1_210' title='bbox 1081 2888 1183 2972; x_wconf 89' lang='lat' dir='ltr'><strong>lyrica</strong></span> <span class='ocrx_word' id='word_1_211' title='bbox 1198 2889 1305 2972; x_wconf 82' lang='lat' dir='ltr'><strong>agitur</strong></span> 
     </span>
     <span class='ocr_line' id='line_1_25' title="bbox 128 2996 1068 3081; baseline -0.005 -17"><span class='ocrx_word' id='word_1_212' title='bbox 128 2998 265 3064; x_wconf 89' lang='lat' dir='ltr'><strong>Photius</strong></span> <span class='ocrx_word' id='word_1_213' title='bbox 290 2996 385 3081; x_wconf 87' lang='lat' dir='ltr'><strong>paulo</strong></span> <span class='ocrx_word' id='word_1_214' title='bbox 408 3003 532 3062; x_wconf 89' lang='lat' dir='ltr'><strong>tantum</strong></span> <span class='ocrx_word' id='word_1_215' title='bbox 557 2996 778 3061; x_wconf 85' lang='lat' dir='ltr'><strong>abbreviatam</strong></span> <span class='ocrx_word' id='word_1_216' title='bbox 803 2996 1068 3078; x_wconf 86' lang='lat' dir='ltr'><strong>transscripserit.</strong></span> 
     </span>
    </p>
   </div>
   <div class='ocr_carea' id='block_1_3' title="bbox 323 3189 1102 3260">
    <p class='ocr_par' dir='ltr' id='par_1_5' title="bbox 323 3189 1102 3260">
     <span class='ocr_line' id='line_1_26' title="bbox 323 3189 1102 3260; baseline -0.003 -2"><span class='ocrx_word' id='word_1_217' title='bbox 323 3192 494 3260; x_wconf 88' lang='lat' dir='ltr'><strong>scholium:</strong></span> <span class='ocrx_word' id='word_1_218' title='bbox 954 3189 1102 3256; x_wconf 93' lang='lat' dir='ltr'><strong>Photius:</strong></span> 
     </span>
    </p>
   </div>
   <div class='ocr_carea' id='block_1_4' title="bbox 57 3314 1305 4042">
    <p class='ocr_par' dir='ltr' id='par_1_6' title="bbox 57 3314 1305 4042">
     <span class='ocr_line' id='line_1_27' title="bbox 176 3314 1304 3400; baseline -0.002 -15"><span class='ocrx_word' id='word_1_219' title='bbox 176 3319 212 3385; x_wconf 88' lang='lat' dir='ltr'><strong>‘O</strong></span> <span class='ocrx_word' id='word_1_220' title='bbox 242 3322 277 3385; x_wconf 82' lang='grc' dir='ltr'><strong>δὲ</strong></span> <span class='ocrx_word' id='word_1_221' title='bbox 310 3319 504 3400; x_wconf 87' lang='grc' dir='ltr'>διθύραμβος</span> <span class='ocrx_word' id='word_1_222' title='bbox 534 3318 691 3397; x_wconf 86' lang='grc' dir='ltr'>γράφεται</span> <span class='ocrx_word' id='word_1_223' title='bbox 790 3336 821 3400; x_wconf 91' lang='lat' dir='ltr'><strong>p.</strong></span> <span class='ocrx_word' id='word_1_224' title='bbox 839 3317 914 3394; x_wconf 80' lang='lat'>245,</span> <span class='ocrx_word' id='word_1_225' title='bbox 934 3317 975 3380; x_wconf 88' lang='grc'><strong>14</strong></span> <span class='ocrx_word' id='word_1_226' title='bbox 998 3314 1110 3382; x_wconf 85' lang='grc' dir='ltr'>Ἔστιν</span> <span class='ocrx_word' id='word_1_227' title='bbox 1127 3317 1223 3383; x_wconf 83' lang='grc' dir='ltr'><strong>οὖνὸ</strong></span> <span class='ocrx_word' id='word_1_228' title='bbox 1247 3320 1304 3398; x_wconf 83' lang='grc' dir='ltr'><strong>μὲν</strong></span> 
     </span>
     <span class='ocr_line' id='line_1_28' title="bbox 57 3422 1303 3520; baseline -0.003 -27"><span class='ocrx_word' id='word_1_229' title='bbox 57 3515 58 3520; x_wconf 12' lang='lat'>¹</span> <span class='ocrx_word' id='word_1_230' title='bbox 129 3431 189 3510; x_wconf 82' lang='grc' dir='ltr'><strong>μὲν</strong></span> <span class='ocrx_word' id='word_1_231' title='bbox 213 3428 258 3508; x_wconf 91' lang='grc' dir='ltr'><strong>εἰς</strong></span> <span class='ocrx_word' id='word_1_232' title='bbox 282 3428 462 3509; x_wconf 80' lang='grc' dir='ltr'>Διόνυσον,</span> <span class='ocrx_word' id='word_1_233' title='bbox 485 3426 690 3505; x_wconf 88' lang='grc' dir='ltr'>κεκινημένος</span> <span class='ocrx_word' id='word_1_234' title='bbox 746 3422 939 3503; x_wconf 84' lang='grc' dir='ltr'>διθύραμβος</span> <span class='ocrx_word' id='word_1_235' title='bbox 995 3426 1199 3505; x_wconf 87' lang='grc' dir='ltr'>κεκινημένος</span> <span class='ocrx_word' id='word_1_236' title='bbox 1253 3428 1303 3490; x_wconf 91' lang='grc' dir='ltr'><strong>καὶ</strong></span> 
     </span>
     <span class='ocr_line' id='line_1_29' title="bbox 129 3530 1303 3613; baseline -0.004 -11"><span class='ocrx_word' id='word_1_237' title='bbox 129 3537 182 3602; x_wconf 87' lang='grc' dir='ltr'><strong>καὶ</strong></span> <span class='ocrx_word' id='word_1_238' title='bbox 205 3535 289 3599; x_wconf 89' lang='grc' dir='ltr'>πολὺ</span> <span class='ocrx_word' id='word_1_239' title='bbox 312 3535 350 3598; x_wconf 89' lang='grc' dir='ltr'>τὸ</span> <span class='ocrx_word' id='word_1_240' title='bbox 375 3536 590 3610; x_wconf 86' lang='grc' dir='ltr'>ἐνθουσιῶδες</span> <span class='ocrx_word' id='word_1_241' title='bbox 614 3533 691 3612; x_wconf 88' lang='grc' dir='ltr'>μετὰ</span> <span class='ocrx_word' id='word_1_242' title='bbox 745 3531 828 3593; x_wconf 88' lang='grc' dir='ltr'>πολὺ</span> <span class='ocrx_word' id='word_1_243' title='bbox 853 3530 890 3594; x_wconf 86' lang='grc' dir='ltr'>τὸ</span> <span class='ocrx_word' id='word_1_244' title='bbox 914 3531 1128 3612; x_wconf 84' lang='grc' dir='ltr'>ἐνθουσιῶδες</span> <span class='ocrx_word' id='word_1_245' title='bbox 1150 3533 1227 3611; x_wconf 90' lang='grc' dir='ltr'>μετὰ</span> <span class='ocrx_word' id='word_1_246' title='bbox 1251 3555 1303 3613; x_wconf 87' lang='grc' dir='ltr'><strong>χο-</strong></span> 
     </span>
     <span class='ocr_line' id='line_1_30' title="bbox 129 3637 1305 3723; baseline -0.003 -16"><span class='ocrx_word' id='word_1_247' title='bbox 129 3643 260 3723; x_wconf 85' lang='grc' dir='ltr'>χορείας</span> <span class='ocrx_word' id='word_1_248' title='bbox 284 3641 379 3722; x_wconf 85' lang='grc' dir='ltr'>ἔχων,</span> <span class='ocrx_word' id='word_1_249' title='bbox 403 3642 551 3717; x_wconf 88' lang='grc' dir='ltr'>κέκληται</span> <span class='ocrx_word' id='word_1_250' title='bbox 572 3641 607 3704; x_wconf 84' lang='grc' dir='ltr'>δέ</span> <span class='ocrx_word' id='word_1_251' title='bbox 626 3639 691 3703; x_wconf 85' lang='grc' dir='ltr'><strong>ἀπὸ</strong></span> <span class='ocrx_word' id='word_1_252' title='bbox 746 3638 834 3716; x_wconf 88' lang='grc' dir='ltr'>ρείας</span> <span class='ocrx_word' id='word_1_253' title='bbox 858 3637 1033 3716; x_wconf 84' lang='grc' dir='ltr'>ἐμφαίνων,</span> <span class='ocrx_word' id='word_1_254' title='bbox 1056 3645 1155 3703; x_wconf 88' lang='lat' dir='ltr'><strong>...et</strong></span> <span class='ocrx_word' id='word_1_255' title='bbox 1179 3660 1210 3722; x_wconf 87' lang='lat' dir='ltr'><strong>p.</strong></span> <span class='ocrx_word' id='word_1_256' title='bbox 1228 3642 1305 3723; x_wconf 82' lang='grc'><strong>244,</strong></span> 
     </span>
     <span class='ocr_line' id='line_1_31' title="bbox 130 3745 1304 3829; baseline -0.003 -15"><span class='ocrx_word' id='word_1_257' title='bbox 130 3753 197 3814; x_wconf 85' lang='grc' dir='ltr'>τῶν</span> <span class='ocrx_word' id='word_1_258' title='bbox 236 3749 430 3828; x_wconf 89' lang='grc' dir='ltr'>συμβάντων</span> <span class='ocrx_word' id='word_1_259' title='bbox 468 3748 540 3826; x_wconf 81' lang='grc' dir='ltr'>περὶ</span> <span class='ocrx_word' id='word_1_260' title='bbox 577 3746 690 3810; x_wconf 86' lang='grc' dir='ltr'>αὐτόν·</span> <span class='ocrx_word' id='word_1_261' title='bbox 749 3746 788 3809; x_wconf 89' lang='grc'><strong>19</strong></span> <span class='ocrx_word' id='word_1_262' title='bbox 802 3765 872 3829; x_wconf 89' lang='lat' dir='ltr'><strong>sqq.</strong></span> <span class='ocrx_word' id='word_1_263' title='bbox 902 3745 921 3810; x_wconf 84' lang='grc' dir='ltr'>ὁ</span> <span class='ocrx_word' id='word_1_264' title='bbox 952 3747 987 3809; x_wconf 90' lang='grc' dir='ltr'>δέ</span> <span class='ocrx_word' id='word_1_265' title='bbox 1012 3745 1207 3826; x_wconf 87' lang='grc' dir='ltr'>διθύραμβος</span> <span class='ocrx_word' id='word_1_266' title='bbox 1231 3748 1304 3826; x_wconf 88' lang='grc' dir='ltr'>γρά-</span> 
     </span>
     <span class='ocr_line' id='line_1_32' title="bbox 132 3851 1302 3937; baseline -0.004 -15"><span class='ocrx_word' id='word_1_267' title='bbox 132 3856 322 3937; x_wconf 85' lang='grc' dir='ltr'>ὀνομὰζεται</span> <span class='ocrx_word' id='word_1_268' title='bbox 354 3856 415 3934; x_wconf 86' lang='grc' dir='ltr'><strong>γὰρ</strong></span> <span class='ocrx_word' id='word_1_269' title='bbox 445 3853 550 3932; x_wconf 88' lang='grc' dir='ltr'>οὕτως</span> <span class='ocrx_word' id='word_1_270' title='bbox 578 3855 596 3931; x_wconf 87' lang='grc' dir='ltr'>ἢ</span> <span class='ocrx_word' id='word_1_271' title='bbox 626 3852 691 3917; x_wconf 88' lang='grc' dir='ltr'><strong>ἀπὸ</strong></span> <span class='ocrx_word' id='word_1_272' title='bbox 745 3873 840 3930; x_wconf 88' lang='grc' dir='ltr'>φεται</span> <span class='ocrx_word' id='word_1_273' title='bbox 864 3853 921 3930; x_wconf 81' lang='grc' dir='ltr'><strong>μὲν</strong></span> <span class='ocrx_word' id='word_1_274' title='bbox 943 3852 988 3930; x_wconf 86' lang='grc' dir='ltr'><strong>εἰς</strong></span> <span class='ocrx_word' id='word_1_275' title='bbox 1001 3851 1179 3935; x_wconf 81' lang='grc' dir='ltr'>Διόνυσον,</span> <span class='ocrx_word' id='word_1_276' title='bbox 1204 3870 1302 3933; x_wconf 88' lang='grc' dir='ltr'>προσ-</span> 
     </span>
     <span class='ocr_line' id='line_1_33' title="bbox 131 3959 1303 4042; baseline -0.003 -15"><span class='ocrx_word' id='word_1_277' title='bbox 131 3967 189 4028; x_wconf 88' lang='grc' dir='ltr'>τοῦ</span> <span class='ocrx_word' id='word_1_278' title='bbox 221 3962 300 4027; x_wconf 89' lang='grc' dir='ltr'>κατὰ</span> <span class='ocrx_word' id='word_1_279' title='bbox 329 3964 387 4041; x_wconf 89' lang='grc' dir='ltr'>τὴν</span> <span class='ocrx_word' id='word_1_280' title='bbox 413 3961 525 4026; x_wconf 87' lang='grc' dir='ltr'>Νύσαν</span> <span class='ocrx_word' id='word_1_281' title='bbox 551 3960 614 4025; x_wconf 86' lang='grc' dir='ltr'><strong>ὑπὸ</strong></span> <span class='ocrx_word' id='word_1_282' title='bbox 639 3961 691 4023; x_wconf 80' lang='grc' dir='ltr'><strong>ἄν·</strong></span> <span class='ocrx_word' id='word_1_283' title='bbox 745 3959 932 4039; x_wconf 90' lang='grc' dir='ltr'>αγορεύεται</span> <span class='ocrx_word' id='word_1_284' title='bbox 964 3963 999 4040; x_wconf 79' lang='grc' dir='ltr'>δέ</span> <span class='ocrx_word' id='word_1_285' title='bbox 1028 3961 1060 4027; x_wconf 89' lang='grc' dir='ltr'><strong>ἐξ</strong></span> <span class='ocrx_word' id='word_1_286' title='bbox 1090 3960 1201 4042; x_wconf 77' lang='grc' dir='ltr'>αὐτοῦ,</span> <span class='ocrx_word' id='word_1_287' title='bbox 1233 3961 1303 4039; x_wconf 90' lang='grc' dir='ltr'>ἤτοι</span> 
     </span>
    </p>
   </div>
   <div class='ocr_carea' id='block_1_5' title="bbox 131 4067 1411 4155">
    <p class='ocr_par' dir='ltr' id='par_1_7' title="bbox 131 4067 1411 4155">
     <span class='ocr_line' id='line_1_34' title="bbox 131 4067 1411 4155; baseline -0.003 -20"><span class='ocrx_word' id='word_1_288' title='bbox 131 4089 197 4155; x_wconf 88' lang='grc' dir='ltr'>τρῳ</span> <span class='ocrx_word' id='word_1_289' title='bbox 226 4070 345 4154; x_wconf 86' lang='grc' dir='ltr'>διθύριμ</span> <span class='ocrx_word' id='word_1_290' title='bbox 378 4073 552 4150; x_wconf 86' lang='grc' dir='ltr'>τραφῆναι,</span> <span class='ocrx_word' id='word_1_291' title='bbox 586 4069 605 4146; x_wconf 88' lang='grc' dir='ltr'>ἢ</span> <span class='ocrx_word' id='word_1_292' title='bbox 640 4068 692 4131; x_wconf 89' lang='grc' dir='ltr'><strong>διὰ</strong></span> <span class='ocrx_word' id='word_1_293' title='bbox 746 4068 797 4131; x_wconf 88' lang='grc' dir='ltr'><strong>διὰ</strong></span> <span class='ocrx_word' id='word_1_294' title='bbox 831 4068 869 4131; x_wconf 90' lang='grc' dir='ltr'>τὸ</span> <span class='ocrx_word' id='word_1_295' title='bbox 903 4068 983 4132; x_wconf 89' lang='grc' dir='ltr'>κατὰ</span> <span class='ocrx_word' id='word_1_296' title='bbox 1018 4069 1076 4145; x_wconf 88' lang='grc' dir='ltr'>τὴν</span> <span class='ocrx_word' id='word_1_297' title='bbox 1110 4067 1220 4133; x_wconf 91' lang='grc' dir='ltr'>Νύσαν</span> <span class='ocrx_word' id='word_1_298' title='bbox 1253 4069 1302 4132; x_wconf 87' lang='grc' dir='ltr'><strong>ἐπ’</strong></span> <span class='ocrx_word' id='word_1_299' title='bbox 1406 4109 1411 4124; x_wconf 79' lang='lat'><strong>·</strong></span> 
     </span>
    </p>
   </div>
   <div class='ocr_carea' id='block_1_6' title="bbox 131 4173 1305 4578">
    <p class='ocr_par' dir='ltr' id='par_1_8' title="bbox 131 4173 1305 4578">
     <span class='ocr_line' id='line_1_35' title="bbox 131 4173 1304 4259; baseline -0.003 -17"><span class='ocrx_word' id='word_1_300' title='bbox 131 4178 170 4242; x_wconf 86' lang='grc' dir='ltr'>τὸ</span> <span class='ocrx_word' id='word_1_301' title='bbox 194 4178 357 4242; x_wconf 84' lang='grc' dir='ltr'>λυθέντων</span> <span class='ocrx_word' id='word_1_302' title='bbox 380 4180 445 4240; x_wconf 84' lang='grc' dir='ltr'>τῶν</span> <span class='ocrx_word' id='word_1_303' title='bbox 462 4175 634 4254; x_wconf 81' lang='grc' dir='ltr'>ῥαμμὰτων</span> <span class='ocrx_word' id='word_1_304' title='bbox 658 4174 692 4237; x_wconf 90' lang='grc' dir='ltr'><strong>ἐκ</strong></span> <span class='ocrx_word' id='word_1_305' title='bbox 746 4173 853 4258; x_wconf 86' lang='grc' dir='ltr'>ἄντρῳ</span> <span class='ocrx_word' id='word_1_306' title='bbox 891 4174 1009 4259; x_wconf 82' lang='grc' dir='ltr'>διθύρῳ</span> <span class='ocrx_word' id='word_1_307' title='bbox 1048 4179 1208 4253; x_wconf 88' lang='grc' dir='ltr'>τραφῆναι</span> <span class='ocrx_word' id='word_1_308' title='bbox 1245 4176 1304 4239; x_wconf 88' lang='grc' dir='ltr'>τὸν</span> 
     </span>
     <span class='ocr_line' id='line_1_36' title="bbox 132 4281 1303 4364; baseline -0.001 -16"><span class='ocrx_word' id='word_1_309' title='bbox 132 4288 189 4348; x_wconf 87' lang='grc' dir='ltr'>τοῦ</span> <span class='ocrx_word' id='word_1_310' title='bbox 214 4285 297 4364; x_wconf 86' lang='grc' dir='ltr'>Διὸς</span> <span class='ocrx_word' id='word_1_311' title='bbox 325 4287 426 4362; x_wconf 85' lang='grc' dir='ltr'>μηροῦ</span> <span class='ocrx_word' id='word_1_312' title='bbox 458 4283 635 4364; x_wconf 86' lang='grc' dir='ltr'>εὑρεθῆναι,</span> <span class='ocrx_word' id='word_1_313' title='bbox 672 4282 690 4358; x_wconf 87' lang='grc' dir='ltr'>ἢ</span> <span class='ocrx_word' id='word_1_314' title='bbox 746 4281 924 4364; x_wconf 83' lang='grc' dir='ltr'>Διόνυσον,</span> <span class='ocrx_word' id='word_1_315' title='bbox 960 4282 1056 4360; x_wconf 86' lang='grc' dir='ltr'>ἢδιὰ</span> <span class='ocrx_word' id='word_1_316' title='bbox 1079 4281 1117 4344; x_wconf 83' lang='grc' dir='ltr'>τὸ</span> <span class='ocrx_word' id='word_1_317' title='bbox 1141 4283 1303 4347; x_wconf 88' lang='grc' dir='ltr'>λυθέντων</span> 
     </span>
     <span class='ocr_line' id='line_1_37' title="bbox 133 4387 1304 4469; baseline -0.002 -13"><span class='ocrx_word' id='word_1_318' title='bbox 133 4391 186 4456; x_wconf 91' lang='grc' dir='ltr'><strong>διὰ</strong></span> <span class='ocrx_word' id='word_1_319' title='bbox 208 4392 246 4455; x_wconf 88' lang='grc' dir='ltr'>τὸ</span> <span class='ocrx_word' id='word_1_320' title='bbox 271 4391 359 4457; x_wconf 89' lang='grc' dir='ltr'>δόξαι</span> <span class='ocrx_word' id='word_1_321' title='bbox 387 4391 536 4467; x_wconf 86' lang='grc' dir='ltr'>γενέσθαι</span> <span class='ocrx_word' id='word_1_322' title='bbox 565 4388 623 4466; x_wconf 86' lang='grc' dir='ltr'>δι’ς,</span> <span class='ocrx_word' id='word_1_323' title='bbox 657 4387 692 4452; x_wconf 88' lang='grc' dir='ltr'><strong>έκ</strong></span> <span class='ocrx_word' id='word_1_324' title='bbox 745 4391 811 4452; x_wconf 87' lang='grc' dir='ltr'>τῶν</span> <span class='ocrx_word' id='word_1_325' title='bbox 835 4388 1008 4468; x_wconf 82' lang='grc' dir='ltr'>ραμμάτων</span> <span class='ocrx_word' id='word_1_326' title='bbox 1031 4391 1088 4452; x_wconf 78' lang='lat' dir='ltr'><strong>rori</strong></span> <span class='ocrx_word' id='word_1_327' title='bbox 1110 4389 1193 4467; x_wconf 86' lang='grc' dir='ltr'>Διὸς</span> <span class='ocrx_word' id='word_1_328' title='bbox 1218 4390 1304 4469; x_wconf 85' lang='grc' dir='ltr'>εὑρε·</span> 
     </span>
     <span class='ocr_line' id='line_1_38' title="bbox 133 4495 1305 4578; baseline -0.001 -16"><span class='ocrx_word' id='word_1_329' title='bbox 133 4519 166 4562; x_wconf 92' lang='grc' dir='ltr'>τε</span> <span class='ocrx_word' id='word_1_330' title='bbox 189 4501 247 4575; x_wconf 88' lang='grc' dir='ltr'>τῆς</span> <span class='ocrx_word' id='word_1_331' title='bbox 268 4499 410 4576; x_wconf 79' lang='grc' dir='ltr'>Σεμέλης</span> <span class='ocrx_word' id='word_1_332' title='bbox 434 4498 485 4561; x_wconf 88' lang='grc' dir='ltr'><strong>καὶ</strong></span> <span class='ocrx_word' id='word_1_333' title='bbox 508 4500 565 4560; x_wconf 84' lang='grc' dir='ltr'>τοῦ</span> <span class='ocrx_word' id='word_1_334' title='bbox 589 4499 690 4574; x_wconf 80' lang='grc' dir='ltr'>μηροῦ</span> <span class='ocrx_word' id='word_1_335' title='bbox 746 4500 838 4574; x_wconf 87' lang='grc' dir='ltr'>θῆναι</span> <span class='ocrx_word' id='word_1_336' title='bbox 863 4495 972 4578; x_wconf 82' lang='grc' dir='ltr'>αὐτόν,</span> <span class='ocrx_word' id='word_1_337' title='bbox 996 4498 1015 4574; x_wconf 90' lang='grc' dir='ltr'>ἢ</span> <span class='ocrx_word' id='word_1_338' title='bbox 1040 4496 1119 4560; x_wconf 83' lang='grc' dir='ltr'>διότι</span> <span class='ocrx_word' id='word_1_339' title='bbox 1144 4498 1192 4574; x_wconf 88' lang='grc' dir='ltr'><strong>δὶς</strong></span> <span class='ocrx_word' id='word_1_340' title='bbox 1217 4501 1305 4561; x_wconf 86' lang='grc' dir='ltr'>δοκεῖ</span> 
     </span>
    </p>
   </div>
   <div class='ocr_carea' id='block_1_7' title="bbox 0 0 1573 5044">
    <p class='ocr_par' dir='ltr' id='par_1_9' title="bbox 0 0 1573 5044">
     <span class='ocr_line' id='line_1_39' title="bbox 0 0 1573 5044; baseline 0 0"><span class='ocrx_word' id='word_1_341' title='bbox 0 0 1573 5044; x_wconf 95' lang='lat' dir='ltr'><strong> </strong></span> 
     </span>
    </p>
   </div>
  </div>
 </body>
</html>
