3118 5044
747 337 921 392 ..12-

248 521 384 588 lurmsm
401 527 539 608 specus,
564 519 772 586 scholasticus
795 518 900 583 fieret.
937 517 1146 584 Conferamus
1162 539 1246 585 nune
1262 540 1332 585 oum
1350 520 1418 606 phi·

249 625 384 715 lusopiru
399 626 670 694 chrestomathiae
682 626 880 710 scriptorem.
905 625 967 689 Hie
979 625 1039 690 sibi
1053 633 1263 710 proposuerat
1276 626 1418 694 homines
1540 709 1541 714 Ἰ

249 733 410 802 studiosos
422 737 455 802 in
467 735 632 802 scientiam
645 731 887 817 grammaticam
900 731 1103 797 introducere
1114 735 1135 796 ¹.
1157 731 1331 799 Videamus
1344 753 1417 816 qno-

250 841 345 910 modo
378 842 545 910 consilium
580 860 670 908 suum
707 839 888 924 perfecerit.
944 837 1082 904 Scholiis
1117 839 1325 925 Dionysianis
1359 839 1418 906 ad-

249 950 408 1038 sumptis⁸
431 950 551 1036 optime
575 967 637 1031 qua
661 948 713 1013 via
734 965 921 1031 progressus
943 947 994 1029 sit,
1018 946 1163 1030 intellegi
1186 953 1302 1032 potest.
1348 948 1418 1033 ,Ab

250 1077 312 1126 ovo
335 1057 386 1124 vel
411 1057 452 1124 sb
475 1077 536 1122 ovo
561 1052 632 1120 ovi“
658 1054 814 1139 incipiens
838 1059 870 1118 et
893 1052 972 1117 nihil
1000 1060 1035 1117 ut
1059 1059 1166 1117 notum
1190 1054 1340 1118 omittens
1363 1054 1419 1118 ini·

250 1165 329 1232 tium
350 1165 446 1230 sumit
463 1185 483 1230 a
499 1162 687 1227 definitione
703 1161 791 1224 vocis
806 1159 1001 1242 γράμματος,
1025 1166 1060 1224 ut
1083 1159 1116 1223 in
1128 1159 1303 1225 Elementis
1316 1159 1419 1226 Theo·

250 1271 365 1358 logicis
386 1272 427 1336 ab
449 1290 488 1336 eo
506 1268 590 1351 qnod
607 1274 656 1332 est
669 1267 771 1332 Unum
792 1254 1008 1351 proficiscitur
1032 1267 1088 1347 (cf.
1105 1288 1137 1351 p.
1149 1267 1225 1347 447,
1238 1267 1278 1331 31
1298 1266 1419 1350 Hilg.);

250 1377 326 1464 quid
350 1377 552 1462 grammatici
576 1376 617 1439 sit
640 1374 752 1459 paucis
776 1372 956 1457 explicatur·
973 1375 1018 1458 (p.
1035 1373 1111 1454 448,
1124 1373 1167 1438 33
1178 1392 1247 1455 sqq.
1265 1374 1332 1454 Η.),
1356 1394 1420 1457 qna

250 1505 285 1552 re
309 1483 415 1571 poesis
439 1491 471 1548 et
498 1501 594 1568 prosa
618 1481 719 1544 oratio
744 1478 909 1561 differant,
944 1487 1021 1561 quot
1044 1479 1108 1545 sint
1130 1500 1250 1563 genera
1273 1480 1419 1562 dicendi3

251 1593 358 1678 poesis
381 1597 413 1656 et
437 1595 532 1673 poeta
556 1586 752 1651 deliniuntur·
780 1594 877 1669 atque
905 1588 1012 1671 poesis
1035 1587 1205 1669 generibus
1228 1589 1421 1655 enumeratis

250 1699 387 1783 scriptor
403 1696 556 1779 deinceps
573 1693 770 1778 epopoeiam,
795 1693 945 1774 iambum,
970 1694 1117 1776 elegiam,
1141 1695 1261 1777 poesim
1285 1695 1421 1779 lyricam
1543 1777 1544 1784 ἵ

251 1812 348 1888 atque
373 1809 531 1887 postremo
556 1799 764 1864 dramaticum
789 1806 975 1884 pertractat.
1023 1800 1060 1863 In
1084 1801 1255 1882 generibus
1285 1800 1422 1884 singulis

250 1907 472 1978 describendis
495 1909 612 1989 ubique
637 1905 748 1972 eadem
773 1907 897 1971 ratione
926 1927 964 1971 ao
988 1906 1212 1972 distributione
1242 1909 1340 1972 utitur
1363 1910 1421 1988 ita,

251 2025 286 2086 nt
308 2019 516 2096 inventorem,
541 2015 629 2078 vocis
652 2014 817 2096 originem,
842 2013 1082 2098 proprietatem,
1106 2014 1315 2096 antiquitates
1337 2034 1423 2080 eom·

251 2129 404 2190 memoret
428 2127 524 2204 atque
548 2126 708 2205 postremo
737 2120 809 2185 loco
838 2120 1085 2185 clarissimorum
1114 2122 1266 2203 cuiusque
1294 2123 1422 2205 generis
1544 2105 1545 2154 l

251 2233 440 2315 scriptorum
464 2229 592 2292 nomina
616 2237 787 2292 enumeret.
836 2228 959 2305 Quibus
976 2229 1121 2292 omnibns
1138 2230 1331 2294 enumeratis
1355 2230 1423 2294 uni·

252 2339 366 2419 cuique
391 2335 500 2420 capita
522 2334 649 2417 singula
672 2336 794 2415 tribuit,
819 2335 933 2417 quibus
957 2334 1070 2401 eodem
1095 2334 1207 2401 ordine
1231 2355 1357 2421 semper
1380 2335 1422 2401 de

250 2445 366 2531 patria,
379 2463 507 2525 genere,
521 2449 636 2518 aetate,
650 2443 899 2526 proprietatibus
913 2442 1101 2523 quibusdam
1115 2450 1148 2506 et
1160 2442 1257 2507 factis
1269 2444 1423 2510 certiores

252 2552 356 2615 limus.
394 2549 437 2615 of.
465 2548 571 2613 Photli
598 2555 740 2633 excerpt.
766 2570 796 2632 p.
815 2549 890 2629 230,
908 2550 947 2613 21
975 2549 1167 2633 Westphal.:
1193 2549 1363 2629 Διέρχεται
1387 2553 1424 2616 δέ

251 2657 386 2738 τούτων,
411 2656 456 2733 ὡς
477 2655 548 2720 οἷόν
567 2676 612 2735 τε,
637 2657 687 2719 καὶ
710 2657 806 2733 γένος
824 2657 874 2719 καὶ
891 2657 1047 2735 πατρίδας
1064 2657 1114 2720 καί
1130 2677 1219 2733 τινας
1236 2658 1288 2720 έπὶ
1304 2659 1423 2739 μέρους

252 2764 391 2842 πράξεις.
440 2761 568 2846 Optime
593 2762 678 2844 quod
703 2760 770 2825 dixi
795 2762 971 2827 illustratur
993 2762 1048 2828 illo
1071 2764 1189 2847 eapite,
1214 2783 1276 2845 quo
1293 2763 1335 2829 de
1351 2785 1423 2849 epo

251 2871 346 2956 poeia
369 2870 492 2952 agitur:
527 2869 785 2954 p.230,lsqq.:
823 2871 878 2934 Καὶ
907 2869 956 2934 ότι
984 2870 1021 2934 τὸ
1051 2869 1129 2947 ἔπος
1163 2877 1321 2949 πρῶτον
1353 2873 1423 2949 μὲν

253 2980 395 3057 ἐφεῦρε
419 2976 571 3055 Φημονόη
596 2977 837 3055 ἡἈπόλλωνος
862 2982 1033 3059 προφῆτις,
1059 2978 1241 3056 ἑξαμέτροις
1265 2983 1423 3058 χρησμοῖς

252 3085 452 3165 χρησαμένη·
488 3085 538 3148 καὶ
568 3085 676 3164 ἐπειδὴ
705 3089 775 3162 τοῖς
804 3090 961 3164 χρησμοῖς
986 3086 1024 3149 τὰ
1048 3085 1217 3164 πράγματα
1241 3085 1349 3150 εἵπετο
1373 3088 1424 3150 καὶ

254 3191 415 3270 σύμφωνα
431 3188 481 3272 ἦν,
505 3191 583 3269 ἔπος
600 3194 637 3256 τό
655 3193 769 3256 ἐκτῶν
786 3194 910 3271 μέτρων
927 3196 1125 3272 κληθῆναι.
1163 3193 1205 3258 Οἳ
1230 3195 1270 3258 δέ
1293 3209 1423 3274 φασιν,

254 3297 302 3363 ὅτι
335 3297 387 3361 διὰ
419 3300 478 3375 τὴν
510 3301 709 3377 κατασκευὴν
740 3302 789 3363 καὶ
817 3301 876 3378 τὴν
905 3299 987 3376 ἄγαν
1012 3301 1184 3381 ὑπεροχήν,
1214 3303 1271 3379 τὴν
1295 3303 1330 3365 ἐν
1354 3305 1423 3380 τοῖς

253 3405 436 3483 ἑξαμέτροις
453 3406 685 3483 θεωρουμένην,
709 3407 746 3469 τό
771 3407 880 3470 κοινὸν
907 3405 1009 3484 ὄνομα
1033 3408 1155 3484 παντὸς
1179 3411 1237 3471 τοῦ
1263 3407 1363 3483 λόγου
1387 3409 1425 3472 τὸ

254 3511 425 3590 ἑξάμετρον
449 3511 601 3576 ἰδιώσατο
626 3514 675 3576 καὶ
700 3513 815 3591 ἐκλήθη
833 3511 922 3595 ἔπος,
947 3513 1088 3592 καθάπερ
1106 3516 1156 3577 καὶ
1172 3514 1190 3577 ὁ
1207 3513 1350 3593 Ὅμηρος
1367 3515 1425 3579 τὸν

254 3619 390 3697 ποιητὴν
413 3620 463 3681 καὶ
487 3618 505 3681 ὁ
530 3620 744 3697 Δημοσθένης
768 3621 826 3684 τὸν
850 3620 970 3699 ῥήτορα
994 3621 1194 3703 ᾡκειώσατο;
1220 3622 1289 3684 ἐπεὶ
1312 3623 1364 3684 καὶ
1386 3621 1425 3684 τὰ

253 3725 402 3804 τρίμετρα
418 3723 477 3803 ἔπη
495 3726 750 3805 προσηγόρευον.
795 3728 947 3803 Γεγόνασι
965 3729 1000 3790 δὲ
1016 3731 1073 3790 τοῦ
1092 3727 1191 3805 έπους
1208 3729 1336 3805 ποιηταὶ
1352 3728 1426 3807 κρά-

254 3847 356 3896 τιστοι
373 3834 430 3911 μὲν
446 3831 598 3912 Ὅμηρος,
616 3833 778 3916 Ἡσίοδος,
795 3834 1010 3915 Πείσανδρος,
1029 3835 1208 3916 Πανύασις,
1226 3837 1424 3914 Ἀντίμαχος.

255 3939 405 4021 Sequitur
418 3938 550 4004 Homeri
564 3942 639 4005 vita.
669 3941 711 4006 Ut
724 3941 775 4006 vel
792 3961 832 4007 ex
851 3941 910 4006 hoc
927 3943 1034 4026 capite
1051 3949 1196 4026 apparet,
1210 3941 1342 4007 Proolus
1355 3942 1439 4014 dili-¹

255 4057 369 4128 genter
385 4052 416 4110 et
432 4055 583 4111 accurate
599 4049 774 4112 sententias
791 4048 946 4130 diversas,
962 4069 1043 4130 quae
1060 4048 1101 4114 de
1115 4069 1240 4131 quaque
1257 4069 1291 4113 re
1307 4049 1425 4115 allatae

255 4159 338 4235 sunt,
355 4155 550 4236 enumerat³,
568 4174 661 4235 quarn
677 4155 823 4219 virtutem
842 4157 938 4220 etiam
955 4158 1084 4243 saepius
1101 4175 1339 4240 cognoscemus.
1370 4157 1425 4222 At·

362 4311 373 4349 ¹
393 4314 428 4366 cl.
448 4311 649 4367 Immischium
669 4314 686 4367 l.
706 4314 723 4367 l.
743 4330 771 4383 p.
786 4313 838 4367 245
848 4329 912 4383 sqq.

362 4400 419 4472 2ρ.
433 4401 494 4468 447,
508 4401 540 4454 31
553 4417 616 4470 sqq.
635 4401 715 4471 Hilg.
735 4401 852 4456 Kaibel.
872 4403 1011 4472 Prolegg.
1030 4422 1058 4458 π.
1078 4422 1101 4459 κ.
1122 4421 1150 4474 p.
1165 4404 1199 4456 20
1209 4420 1273 4473 sqq.

362 4488 374 4526 ³
393 4491 429 4544 cf.
449 4490 558 4545 Kaibel
576 4507 605 4560 p.
618 4491 661 4558 32,
680 4491 820 4546 Immisclr
839 4509 868 4562 p.
882 4492 942 4546 246.
