3118 5044
640 327 815 383 ..43-

142 511 276 594 primum
301 511 468 576 linivisset.
505 511 582 575 Eius
606 516 692 575 certe
717 511 913 575 interfuisset
938 501 1159 592 argumentum
1183 516 1311 585 secutus

140 618 264 702 partiri.
297 619 410 700 Neque
427 617 548 684 Suidae
565 618 662 701 igitur
681 618 864 682 testimonio
887 638 992 699 neque
1017 619 1167 683 librorum
1191 619 1312 683 ambitu

142 743 182 788 ne
206 723 313 788 Photii
338 733 369 790 et
394 723 540 790 codicum
569 725 759 789 testimoniis
784 724 985 789 confidamus
1008 725 1207 808 impedimur.
1247 725 1312 790 Sed

141 850 182 894 ex
207 852 324 896 eorum
341 833 445 896 verbis
473 831 551 916 ipsis
576 831 777 896 Immisohius
801 852 836 897 se
861 831 1051 896 concludere
1081 852 1175 916 posse
1204 833 1313 899 existi-

141 939 242 1002 mavit
266 941 471 1023 partitionem
495 939 582 1003 illam
606 960 669 1003 non
694 959 764 1004 esse
788 939 969 1023 genuinam.
994 939 1131 1005 'Verbis
1161 939 1253 1004 Ἔστι
1277 943 1312 1005 δὲ

139 1046 178 1108 τὸ
209 1046 331 1125 βιβλίον
359 1047 403 1124 εἰς
428 1027 448 1111 h
473 1047 664 1128 διῃρημένον
688 1048 807 1124 λόγους
832 1054 864 1112 et
887 1047 1041 1131 imprimis
1064 1047 1215 1126 Πρόκλου
1240 1068 1313 1126 χρη-

140 1153 317 1231 στομαθίοις
347 1158 412 1217 τῶν
441 1155 486 1232 εἰς
511 1137 529 1218 h
554 1154 753 1237 διῃρημένων
781 1155 818 1218 τὸ
845 1165 865 1218 ᾱ
894 1154 1020 1218 elucere
1045 1155 1073 1218 ei
1105 1153 1232 1218 videtur
1263 1174 1311 1218 ec-

141 1260 235 1342 logas
268 1268 381 1344 postea
414 1261 653 1326 commoditatis
686 1282 783 1326 causa
815 1263 848 1325 in
881 1269 1030 1344 quattuor
1061 1269 1169 1347 partes
1193 1261 1314 1326 divisas

141 1385 221 1432 esse.
269 1368 351 1433 Nam
377 1373 408 1432 et
432 1369 563 1433 verbum
597 1371 731 1447 διαιρεῖν
765 1375 797 1432 et
830 1368 990 1432 scribendi
1014 1370 1095 1432 ratio
1124 1373 1189 1432 τῶν
1219 1350 1314 1446 ogi

139 1474 234 1537 -τὸ
260 1485 280 1537 ᾱ
302 1475 333 1538 in
358 1475 476 1539 talibus
500 1477 696 1559 singulorum
721 1474 873 1538 librorum
898 1475 1124 1559 partitionibus
1147 1476 1242 1542 solita
1266 1465 1336 1541 fu!

140 1587 246 1661 erunt3
273 1581 314 1648 ol.
334 1582 411 1663 Birt,
432 1583 497 1647 Das
514 1583 624 1648 antike
642 1582 839 1648 Buchwesen
855 1603 886 1666 p.
901 1582 966 1646 316
979 1601 1048 1664 sqq.
1067 1592 1099 1647 et
1116 1584 1173 1647 Ιιιι.
1191 1606 1223 1669 p.
1237 1584 1312 1648 239.

141 1685 206 1750 Sed
233 1686 292 1751 hoo
316 1691 497 1754 necessario
523 1689 777 1754 concludendum
811 1707 881 1754 esse
913 1710 954 1755 ne
987 1690 1057 1774 ipse
1087 1681 1214 1772 quidem
1241 1710 1312 1755 con-

141 1793 254 1858 tendit.
303 1794 377 1879 Ipse
402 1796 550 1861 coneedit
574 1798 672 1863 verba
696 1796 751 1860 illa
776 1797 820 1876 εἰς
845 1780 864 1860 h
887 1803 967 1876 οιηρ.
994 1805 1025 1862 et
1049 1800 1114 1861 τῶν
1136 1797 1183 1875 εἰς
1208 1783 1229 1861 8
1251 1804 1312 1862 etc.

140 1902 262 1984 optimo
286 1903 354 1966 iure
378 1901 420 1966 ad
447 1905 651 1986 partitionem
679 1905 851 1986 genuinam
885 1905 1030 1969 revocari
1059 1923 1153 1989 posse
1184 1911 1216 1969 et
1240 1904 1313 1970 sim·

140 2009 349 2093 plicissimum
368 2029 437 2074 esse
454 2009 533 2073 dicit
547 2010 652 2074 Photii
671 2011 769 2076 verba
793 2011 823 2075 oi
846 2013 903 2090 μὲν
925 2011 984 2075 δύο
1005 2011 1096 2087 λόγοι
1112 2016 1169 2090 τῆς
1185 2012 1246 2089 Πρ.
1264 2032 1312 2090 γρ.

140 2137 191 2194 χρ.
216 2117 251 2180 έν
275 2116 403 2195 τούτοις
428 2118 473 2181 ita
497 2118 663 2202 explicari,
694 2125 729 2182 ut
752 2119 798 2182 eis
822 2118 935 2182 eadem
959 2119 1089 2203 partitio
1114 2139 1196 2201 quae
1220 2118 1312 2183 initio

140 2224 245 2288 inesse
261 2231 437 2308 putaretur.
471 2224 568 2289 Ouius
584 2227 761 2304 sententiae
780 2225 893 2290 merito
907 2225 1000 2290 Birtii
1020 2226 1233 2290 testimonium
1248 2225 1281 2304 (l.
1292 2225 1312 2289 l.

139 2352 173 2414 p.
191 2330 268 2410 320)
296 2331 405 2413 affert,
440 2332 492 2414 qui
521 2333 741 2414 quaestionem
765 2353 826 2397 non
852 2333 944 2397 aliter
968 2353 1088 2397 aenos
1112 2331 1312 2397 diiudicarit.

248 2439 421 2520 Postquam
453 2440 499 2504 sic
523 2440 671 2504 Proetum
702 2441 798 2504 etiam
827 2439 868 2504 de
892 2440 1072 2505 oratoribus
1096 2446 1127 2504 et
1152 2438 1313 2504 historicis

139 2545 246 2628 egisse
276 2547 445 2629 probatum
479 2554 536 2626 est,
572 2547 741 2610 nonnullae
776 2567 835 2622 res,
872 2567 954 2629 quae
988 2545 1094 2611 adhuc
1123 2547 1154 2610 in
1189 2543 1312 2610 contro-

140 2651 279 2717 versiam
304 2652 474 2734 cadebant,
508 2652 677 2718 diiudicari
703 2665 844 2737 possunt.
879 2653 1056 2719 ‘Canopum
1086 2653 1224 2736 scriptor
1255 2652 1313 2718 hos

139 2757 252 2822 decem
277 2758 445 2824 historicos
470 2767 649 2824 enumerat:
690 2760 926 2846 Thucydidem,
962 2760 1170 2841 Herodotum,
1205 2761 1313 2825 Xeno·
1377 2749 1380 2756 ’

140 2865 304 2948 phontem,
344 2866 521 2948 Philistum,
562 2865 815 2952 Theopompum,
856 2868 1029 2952 Ephorum,
1070 2867 1312 2952 Anaximenem,
1366 2881 1371 2894 ·

140 2971 379 3052 Callisthenem,
414 2973 615 3038 Hellanieum
650 2974 695 3056 (in
724 2975 789 3037 tab.
818 2973 1034 3053 Οέλληνιιςός
1065 2975 1114 3038 vel
1145 2975 1312 3053 ἑλληνικὸς

141 3078 236 3143 codd.
262 3079 304 3143 cf.
328 3079 468 3143 Kroehn.
495 3101 525 3164 p.
554 3081 594 3145 13
617 3080 705 3160 adn.)
729 3081 910 3166 Polybium.
967 3083 1162 3164 Usenerus1)
1193 3083 1313 3167 primus

140 3185 268 3268 singula
291 3189 381 3270 paria
401 3187 431 3250 in
450 3207 572 3252 canone
592 3186 818 3270 distinguenda
842 3209 911 3254 esse
936 3189 1103 3270 cognovit,
1129 3188 1219 3253 cuius
1243 3207 1312 3253 sen·

141 3295 284 3373 tentiam,
315 3294 399 3376 quod
425 3295 485 3359 tria
514 3296 616 3379 prima
645 3296 736 3380 paria
763 3295 880 3360 attinet
905 3294 1142 3380 (Thucydidem
1168 3295 1310 3361 Herodo-

139 3411 206 3464 tum
242 3401 454 3486 ,principes“,
488 3402 734 3488 Xenophontem
767 3403 937 3467 Philistum
975 3403 1174 3487 ,principum
1208 3401 1316 3470 imita<

141 3505 257 3581 tores“,
283 3507 522 3592 Theopompum
549 3509 711 3594 Ephorum
739 3506 890 3592 ,secundi
924 3508 1079 3589 ordinis“)
1108 3517 1236 3576 secutus
1264 3517 1313 3573 est

141 3612 370 3678 Kroehnertius
394 3636 425 3699 p.
443 3615 564 3698 35sq.;
589 3617 621 3679 in
645 3623 759 3698 quarto
784 3622 816 3680 et
841 3617 951 3697 quinto
976 3617 1045 3701 pari
1072 3615 1264 3700 explicando
1282 3615 1312 3679 ei

140 3739 203 3783 non
239 3739 386 3784 assensus
420 3729 478 3785 est.
535 3723 713 3806 Praecipue
749 3723 780 3786 in
814 3723 973 3787 Hellanici
1009 3724 1136 3788 nomine
1174 3731 1206 3787 et
1241 3723 1312 3787 loco

140 3825 281 3890 offendit
304 3835 336 3890 et
361 3828 499 3892 coniecit
522 3829 555 3892 in
579 3829 769 3912 archetypo,
805 3831 858 3912 qui
888 3850 949 3894 non
978 3831 1078 3894 solum
1104 3831 1232 3895 nomina
1256 3828 1312 3894 sed

140 3933 237 3996 etiarn
262 3952 360 4016 opere
383 3934 592 4018 praebuisset,
618 3936 761 3999 extitisse
780 3936 1007 4013 Καλλισθένης,
1033 3935 1244 4012 Ἑλληνικὰ..
1260 3941 1314 3998 .et

143 4040 285 4124 ,librarii
309 4042 359 4105 vel
379 4042 531 4107 'auctoris
565 4043 697 4107 canonis
729 4043 830 4127 ipsius
861 4042 977 4108 rtiendo
1011 4063 1051 4108 ex
1082 4044 1187 4128 operis
1221 4042 1313 4106 titulo

140 4167 254 4212 nomen
278 4149 443 4233 scriptoris
467 4157 498 4213 et
522 4170 584 4214 non
608 4149 711 4233 ignoti
744 4171 814 4216 esse
845 4149 997 4215 factum“.
1051 4150 1111 4215 Oui
1135 4150 1313 4215 sententiae

139 4253 262 4320 arridet
289 4255 385 4320 lectio
418 4256 585 4334 ἑλληνικός
618 4264 757 4322 servata.
805 4257 870 4322 Sed
899 4277 939 4321 ne
968 4257 1052 4322 hanc
1083 4255 1211 4339 quidem
1240 4275 1312 4320 sen-

141 4408 354 4415 —-———-

247 4483 258 4520 ¹
277 4485 401 4556 Dionys.
422 4485 457 4539 H.
478 4486 516 4542 de
534 4489 605 4542 imit.
626 4486 696 4542 edit.
716 4489 784 4557 epil.
805 4505 830 4559 p.
848 4489 897 4542 131
909 4504 951 4559 sq.
