3118 5044
647 297 819 351 ..27-

191 501 222 543 v.
247 479 290 544 29
314 478 398 542 πάνυ
415 481 544 555 γελοῖος
567 478 618 540 καὶ
640 477 705 540 ίλα-
807 497 837 560 ρ.
851 477 1019 558 449,4sq.
1043 476 1188 554 Ποιητής
1213 475 1247 538 δὲ
1271 493 1318 538 κε-

143 587 204 664 ρὸς
229 585 404 662 γενόμενος
431 585 579 662 (Crates).
761 582 917 659 κόσμηται
951 587 1020 660 τοῖς
1055 582 1213 660 τέσσαρσι
1250 580 1320 645 τού-

192 714 221 756 ν.
247 691 289 756 33
301 712 348 772 sq.
388 693 526 769 ἐζήλωκε
563 690 707 768 Κράτητα
761 709 840 768 τοις,
881 690 993 774 μέτρῳ,
1033 689 1122 772 μύθῳ
1163 688 1202 771 <ἢ
1238 687 1318 752 πλά-

143 801 197 864 καὶ
222 799 262 864 αὖ
283 801 341 862 τού
367 800 424 877 μὲν
450 802 610 876 λοιδορεῖν
634 797 707 862 ἀπέ-
763 795 890 878 σματι>,
917 795 1043 879 ἱστορίᾳ
1067 798 1116 860 καὶ
1133 801 1211 879 ποιᾷ
1228 795 1318 861 λέξει.

142 921 216 982 στη,
239 904 408 984 πράγματα
425 907 460 969 δέ
477 905 706 984 εἰσηγούμενος
807 923 837 986 ρ.
850 903 951 984 229,8
967 903 1022 967 Καὶ
1032 905 1068 966 ἐν
1079 904 1135 980 μὲν
1146 909 1190 988 τῷ
1200 903 1319 986 πρώτῳ

143 1013 240 1078 καινὰ
261 1013 431 1090 ηὐδοκίμει,
456 1013 629 1089 γενόμενος
654 1013 706 1077 εύ-
763 1010 855 1090 λέγει,
887 1010 932 1089 ὡς
956 1011 987 1074 αἱ
1011 1009 1103 1073 αύταί
1127 1009 1208 1073 εἰσιν
1231 1008 1320 1088 ἀρε·

142 1121 305 1199 ρετικὸς
322 1117 706 1202 μύθωνίΡΙιονεονοίοο).
761 1119 821 1180 ταὶ
845 1121 902 1180 τοῦ
927 1117 1025 1194 λόγου
1050 1117 1100 1182 καὶ
1130 1117 1318 1194 ποιήματος.

190 1249 221 1292 v.
239 1227 281 1292 38
293 1246 339 1308 sq.
371 1227 514 1303 γεγονὼς
539 1227 706 1303 δυνατός
776 1246 779 1250 ·
807 1245 837 1308 p.
852 1225 928 1304 230,
944 1226 958 1287 1
972 1244 1019 1306 sq.
1044 1223 1263 1303 Διαλαμβὰνει
1284 1225 1319 1287 δέ

140 1340 188 1418 τῇ
218 1335 337 1412 λέξει,
370 1333 431 1396 καὶ
464 1336 587 1410 ζηλών
622 1333 706 1410 Κρα-
761 1331 1319 1412 καὶπερὶκρίσεωςποιήματος,

140 1445 259 1505 τῑνον
292 1441 343 1504 καὶ
377 1440 461 1503 πολὺ
490 1440 706 1517 τό·λοίδορον
762 1441 855 1524 ἐνῷ
885 1441 1107 1519 παραδίδωσιν
1140 1438 1239 1516 ἤθους
1268 1438 1319 1500 καὶ

142 1549 197 1610 καὶ
222 1547 337 1611 σκαιόν
360 1547 507 1626 ἐμφαίνει
535 1546 704 1630 (Eupolis).
761 1549 886 1625 πάθους
910 1545 1079 1630 διαφοράν,

190 1676 220 1717 ν.
238 1655 277 1717 41
291 1673 341 1735 sq.
377 1660 485 1738 μακρῷ
510 1654 705 1730 λογιώτατος
806 1677 836 1740 p.
854 1655 929 1734 229,
950 1655 989 1716 λθ
1015 1654 1070 1717 Καὶ
1090 1651 1138 1716 ότι
1155 1655 1211 1715 τού
1229 1649 1318 1714 πλά-

141 1760 324 1839 Ἀθηναίυιν
354 1762 404 1825 καὶ
431 1754 555 1843 ἐὐφυίᾳ
582 1760 705 1837 πάντας
763 1779 912 1842 σματος
937 1764 1002 1825 κτλ.

142 1868 331 1946 ὑπεραίρων
356 1867 624 1951 (Aristophanes).
806 1891 836 1954 ρ.
851 1870 925 1949 232,
945 1869 979 1932 17
993 1887 1062 1949 sqq.
1082 1869 1243 1931 τοσούτον
1258 1864 1319 1943 γὰρ

191 1996 221 2037 ν.
239 1974 282 2038 49
296 1993 365 2055 sqq.
391 1979 447 2052 τῆς
473 1975 507 2039 δέ
531 1974 631 2052 μέσης
648 1995 704 2036 και-
761 1976 919 2055 ἀπέχουσι
948 1981 993 2059 τῷ
1023 1975 1107 2050 γένει
1133 1972 1318 2054 προσήκειν,

145 2082 269 2165 μῳδίας
287 2081 319 2145 οί
335 2083 463 2159 ποιηταὶ
479 2081 705 2158 πλάσματος
762 2083 843 2148 ὅσον
868 2085 887 2161 ή
918 2083 1048 2160 ποίησις
1077 2081 1242 2156 διέστηκεν
1266 2079 1317 2142 αὐ·

142 2189 204 2267 μέν
228 2188 288 2267 οὐχ
304 2188 431 2267 ήψαντο
455 2193 630 2266 ποιητικοῦ,
654 2189 706 2252 διὰ
737 2195 826 2257 ,τών
851 2191 1020 2259 (Homerus
1044 2195 1076 2251 et
1099 2185 1281 2264 Hesiodus).

146 2296 184 2358 δὲ
208 2300 265 2372 τῆς
290 2299 453 2374 συνήθους
473 2295 575 2372 ἰόντες
594 2299 706 2372 λαλιᾶς
807 2319 836 2381 ρ.
851 2297 924 2370 233,
939 2297 981 2359 20
992 2314 1060 2376 sqq.
1083 2293 1318 2372 Διαπορεύεται

144 2403 277 2479 λογικὰς
312 2401 422 2480 έχουσι
456 2403 513 2482 τὰς
547 2403 731 2483 ἀρετάς,-
763 2407 797 2469 δέ
813 2404 852 2468 τά
868 2425 901 2467 τε
919 2403 1026 2480 ἄλλως
1049 2403 1121 2479 περὶ
1145 2406 1229 2464 θεῶν
1250 2405 1319 2477 τοῖς

145 2511 233 2573 ὥστε
262 2509 403 2573 σπάνιον
431 2511 597 2586 ποιητικὸν
626 2509 707 2574 εἶναι
762 2511 897 2588 Ἕλλησι
922 2507 1184 2588 μυθολογούμενα
1213 2509 1265 2571 καὶ
1292 2506 1320 2571 εἴ

143 2621 370 2695 χαρακτῆρα
399 2618 474 2696 παρ’
500 2617 620 2694 αὐτοῖς,
657 2638 705 2679 κα·
762 2618 826 2682 πού
858 2639 886 2681 τι
918 2619 968 2679 καὶ
1004 2617 1103 2695 πρός
1135 2614 1319 2696 ἱστορίαν

145 2727 382 2802 τασχολούνται
417 2725 452 2787 δέ
483 2725 602 2800 πάντες
636 2725 707 2802 περὶ
763 2725 1039 2800 ἐξαληθίζεται
1063 2725 1129 2785 κτλ.
1240 2781 1241 2789 ,

142 2831 202 2908 τὰς
227 2831 451 2908 ὑποθέσεις.
807 2853 839 2916 p.
857 2831 932 2910 241,
950 2830 1071 2910 30sqq.
1103 2829 1191 2904 Λέγει
1216 2829 1250 2891 δὲ
1275 2827 1320 2904 ὡς

193 2936 276 3002 Vide
313 2937 407 3002 etiam
445 2937 651 3021 Antiphanis'
675 2945 708 3002 et
763 2943 820 3003 τού
838 2939 947 3002 ἐπικού
965 2936 1081 3000 κύκλου
1102 2936 1141 2998 τὰ
1158 2937 1320 3020 ποιήματα

144 3043 312 3108 Menandri
337 3043 497 3108 lemmata.
733 3031 736 3154 i
765 3049 954 3129 διασῴζεται
1005 3045 1056 3107 καὶ
1106 3042 1321 3108 σπουδάζεται

671 3211 678 3218 ,
733 3157 831 3231 ἰτοῑς
861 3155 997 3229 πολλοῖς
1031 3151 1098 3229 οὐχ
1127 3148 1228 3214 οὕτω
1262 3149 1319 3213 διὰ

732 3240 735 3346 Ι
761 3261 829 3337 τὴν
853 3258 997 3336 ἀρετήν
1021 3258 1066 3334 ώς
1091 3257 1142 3320 διὰ
1166 3258 1224 3334 τήν
1248 3255 1320 3322 ἀκο-

763 3367 896 3430 λουθίαν
919 3364 997 3428 Ιτών
1032 3365 1067 3427 ἐν
1102 3363 1188 3448 αύτῷ
1224 3384 1320 3441 πραγ·

756 3475 879 3553 μάτων.

254 3578 378 3644 Eodem
405 3587 541 3664 spectet,
576 3579 660 3662 quod
690 3580 759 3665 pari
786 3577 911 3644 natione
940 3578 970 3642 in
995 3598 1153 3662 anonymo
1179 3583 1210 3641 et
1234 3574 1320 3662 upud

145 3685 294 3752 Photium
319 3693 486 3770 poetarum
511 3686 633 3752 indices
659 3687 861 3767 inducuntur,
886 3687 973 3751 velut
998 3687 1040 3750 ef.
1061 3685 1209 3770 anonymi
1234 3705 1263 3764 y.
1281 3683 1321 3746 14

146 3793 273 3857 τούτων
298 3795 423 3872 (comio.
448 3795 582 3876 antiqu.)
609 3795 643 3857 δέ
668 3795 748 3859 εἰσιν
772 3793 1031 3874 ἀξιολογώτατοι,
1061 3793 1136 3856 item
1161 3813 1191 3854 ν.
1216 3791 1258 3874 53
1272 3811 1319 3872 sq.

143 3907 176 3964 et
200 3921 231 3963 v.
248 3900 290 3963 63
302 3919 349 3981 sq.
374 3920 445 3964 eum
470 3899 563 3964 Phor.
589 3902 714 3984 ρ.23θ,
735 3902 773 3964 19
793 3902 945 3977 Γεγόνασι
970 3901 1004 3963 δὲ
1027 3903 1084 3964 τού
1110 3899 1208 3976 ἐπους
1232 3919 1319 3976 ποιη-

55 4041 59 4053 ·
143 4008 195 4070 ταὶ
218 4005 382 4084 κράτιστοι
406 4011 487 4083 κτλ.;
523 4028 554 4091 p.
572 4008 647 4088 242,
665 4009 761 4088 19sq.
810 4008 900 4083 Λέγει
929 4009 964 4070 δὲ
991 4008 1042 4070 καὶ
1065 4005 1252 4085 ἀριστεῦσαι
1276 4011 1321 4089 τῷ

142 4113 247 4197 μέτρῳ
272 4113 439 4198 (ἐλεγείῳ).

251 4221 424 4303 Postquam
455 4219 560 4284 adhue
591 4223 741 4305 anonymi
771 4219 933 4287 scribendi
966 4221 1118 4285 nationem
1149 4239 1219 4283 eum
1244 4219 1318 4282 Pno-

148 4327 255 4392 olianu
285 4327 381 4411 plane
411 4347 586 4410 congruere
616 4326 764 4410 vidimus,
800 4348 883 4393 nuno
907 4327 999 4392 nubis
1025 4325 1247 4409 inquirendum
1273 4332 1321 4390 est

145 4453 221 4500 num
245 4434 340 4499 etiam
366 4442 600 4519 argumentum,
625 4434 710 4518 quod
736 4436 767 4500 in
793 4443 932 4500 tractatu
956 4435 1137 4520 praebetur,
1166 4435 1318 4518 ein—quae
