3118 5044
740 288 915 349 ..14-

238 475 420 554 ποικίλην
443 471 632 554 ἱστορίαν
655 474 814 553 εὑρήσεις.
863 473 941 538 (lum
966 475 1074 558 igitur,
1106 493 1199 558 quem
1224 472 1328 540 locum
1353 469 1414 541 sin-

238 584 383 665 gularem
400 579 651 648 chrestomathia
669 580 814 645 obtineat
830 583 1093 665 reputaverimus,
1117 582 1213 647 facile
1230 602 1328 664 quere
1345 583 1414 648 eius

237 688 376 772 vestigia
396 695 460 752 tam
487 688 599 753 erebra
616 688 701 771 apud
727 689 919 771 posteriores
943 689 1155 770 inveniantur,
1180 688 1412 772 intellegemus.

238 795 320 874 Quin
337 795 435 860 etiam
451 793 642 880 disponendi
658 791 788 858 schema
805 793 892 878 apud
910 781 1061 859 Troiiam
1079 803 1239 860 servatum
1257 794 1412 860 videmus.

238 903 377 967 Tantum
390 902 492 976 abest,
506 908 541 964 ut
555 899 752 984 Byzantinus
768 907 988 983 argumentum
1003 900 1155 965 traditum
1173 921 1231 966 sua
1247 901 1347 986 ipsius
1364 923 1410 966 ru·

237 1009 324 1075 tione
336 1028 375 1074 ac
391 1006 616 1082 distributione
629 1006 754 1086 reddat,
772 1015 805 1070 ut
825 1013 937 1072 contre
949 1007 1119 1091 diligentia
1136 1009 1269 1073 molesta
1282 1007 1412 1073 schema

236 1124 397 1199 sequatur.
425 1113 546 1180 Eadem
560 1133 685 1198 semper
697 1114 820 1178 ratione
835 1133 908 1178 usus
922 1116 953 1178 in
967 1116 1215 1196 commentariis,
1233 1135 1315 1198 quae
1329 1116 1412 1180 bono

237 1223 477 1289 commentatori
497 1219 678 1306 praefanda
697 1221 770 1302 sint,
794 1229 969 1303 enumerat,
996 1241 1078 1303 quae
1095 1229 1270 1307 praecepta
1287 1243 1307 1286 a
1324 1222 1409 1286 chre-

236 1328 427 1395 stomuthiae
445 1329 600 1412 scriptore
616 1328 770 1410 originem
789 1327 907 1392 ducere
923 1347 1027 1409 nemo,
1049 1329 1102 1410 qui
1119 1328 1243 1411 legerit,
1268 1329 1410 1412 negabit.

236 1437 364 1523 Optime
389 1457 406 1501 e
430 1435 670 1517 Prolegomenis
693 1434 725 1498 in
750 1433 883 1498 Hesiodi
909 1433 1016 1518 Opera
1040 1435 1177 1518 scriptis,
1204 1443 1411 1521 quantopere

236 1545 371 1610 Τυρῖται
394 1544 426 1607 in
442 1542 548 1607 Procli
572 1541 716 1624 vestigiis
732 1540 941 1622 ingrediatur,
959 1542 1109 1623 cognosci
1127 1549 1233 1626 potest
1251 1543 1307 1622 (cl.
1326 1543 1411 1608 Prel-

236 1652 333 1716 lerum
359 1650 379 1714 l.
396 1649 416 1712 l.
436 1670 465 1734 p.
480 1651 567 1729 117).
615 1647 797 1712 Ridiculum
818 1654 867 1712 est
889 1649 957 1713 visu
976 1649 1291 1733 Byzantinumillum
1309 1649 1408 1734 philo·

235 1757 379 1843 sophum,
405 1757 458 1838 qui
480 1755 624 1820 consulto
648 1756 761 1838 puuois
777 1761 899 1820 tantum
917 1755 1144 1821 commentario
1164 1776 1221 1820 suo
1243 1757 1410 1841 praefatus

235 1871 294 1948 est,
321 1864 475 1929 conviciis
502 1862 679 1927 consectari
709 1869 742 1925 et
769 1861 810 1926 de
838 1862 1096 1928 commentatoris
1122 1863 1243 1929 officiis
1271 1884 1408 1928 commo·

235 1990 320 2052 nere,
342 1976 439 2052 atque
456 1989 493 2034 eo
512 1967 615 2050 magis
631 1967 809 2050 ridiculum,
835 1988 906 2032 cum
922 1978 1106 2056 praecepta,
1132 1990 1215 2052 quae
1232 1970 1342 2052 affert,
1367 1990 1407 2035 ex

236 2079 303 2143 eius
331 2096 424 2160 quem
452 2077 601 2158 obiurget
633 2076 878 2140 armamentario
906 2084 1033 2161 sumpta
1058 2078 1131 2141 sint.
1178 2076 1244 2143 Sed
1269 2077 1407 2142 Tnctnae

234 2185 333 2252 verba
374 2184 444 2269 ipse
482 2183 591 2264 legas:
638 2182 729 2246 Poet.
768 2202 876 2264 graec.
916 2184 989 2247 min.
1028 2183 1189 2249 Gaisford.
1228 2183 1279 2248 ed.
1314 2184 1404 2268 Lips.

233 2313 264 2376 p.
284 2293 383 2372 10sq.
422 2288 458 2353 ‘0
483 2290 540 2368 μὲν
564 2288 672 2366 σοφὸς
696 2288 847 2366 Πρόκλος
872 2289 1124 2368 ἐπεξηγοόμενος
1151 2291 1209 2367 τὴν
1232 2293 1404 2368 παροῦσαν

234 2399 344 2478 βίβλον
374 2402 439 2460 τῶν
463 2394 590 2474 Ἔργων
618 2397 669 2458 καὶ
693 2393 837 2473 Ἡμερῶν
866 2399 925 2459 τοῦ
950 2397 1104 2460 Ἠσιόδου
1134 2395 1231 2460 οὐδέν
1255 2401 1407 2473 γενναῖον

234 2506 284 2570 καί
308 2508 364 2582 τῆς
390 2503 512 2567 ἐκείνου
536 2503 657 2580 σοφίας
682 2500 837 2580 ἁρμόδιον
861 2501 935 2565 οὔτε
960 2503 1049 2568 ἄξιον
1066 2503 1248 2580 ἐξηγήσεως
1271 2503 1406 2581 ἐξειργά-

233 2628 325 2677 σατο.
365 2608 486 2689 Πρῶτά
509 2609 649 2687 μὲνγὰρ
674 2608 771 2686 ἐχρῆν
795 2609 950 2686 διαίρεσιν
974 2609 1076 2687 φάναι
1098 2613 1164 2674 τῶν
1188 2615 1331 2686 ποιητῶν
1356 2612 1407 2674 καὶ

232 2719 303 2782 τίνα
330 2716 456 2781 τούτων
484 2716 775 2795 χαρακτηρίσματα,
809 2717 859 2779 καὶ
889 2716 972 2793 τίνες
1002 2716 1127 2780 τούτων
1151 2716 1181 2780 οἱ
1205 2717 1405 2795 περιβόητοι·

233 2824 342 2888 ἔπειτα
364 2824 402 2886 τὸ
426 2823 521 2899 γένος
546 2821 647 2886 εἰπεῖν
670 2825 727 2885 τοῦ
752 2823 962 2900 προκειμένου
986 2824 1069 2902 πρὸς
1093 2825 1152 2900 τὴν
1173 2824 1331 2902 ἐξήγησιν,
1355 2825 1406 2887 καὶ

232 2930 291 2994 τίνι
316 2929 502 3008 συνήκμασε
526 2931 576 2993 καί
594 2931 701 3006 πόσας
720 2930 849 3009 βίβλους
867 2931 1097 3011 ἐξεπονήσατο,
1122 2934 1185 2994 ποῦ
1202 2951 1237 2995 τε
1253 2932 1304 2994 καὶ
1320 2931 1404 3014 ποίῳ

231 3037 342 3121 τρόπῳ
365 3037 423 3100 τὸν
449 3038 518 3115 βίον
542 3036 732 3102 κατέλυσεν·
757 3036 826 3101 εἶτα
849 3039 909 3115 τὴν
934 3040 1043 3118 βίβλον
1067 3037 1183 3102 τούτου
1201 3037 1404 3117 προχειρισά-

231 3162 329 3222 μενον
352 3146 482 3221 πρῶτον
506 3146 563 3222 μὲν
587 3143 725 3223 ἀκριβῶς
749 3146 808 3208 τόν
832 3145 931 3238 αὐτοῦ
954 3146 1056 3224 φάναι
1077 3146 1214 3225 σκοπόν,
1239 3146 1406 3224 μετέπειτα

231 3252 266 3314 δὲ
290 3252 341 3318 καλ
364 3251 422 3328 τὰς
447 3250 579 3329 μυθικὰς
602 3250 748 3328 ἱστορίας
773 3251 817 3328 εἰς
842 3251 976 3334 πλάτος,
1001 3249 1069 3315 εἶτα
1092 3253 1142 3315 καί
1165 3251 1285 3332 ταύτας
1310 3250 1404 3330 άλλη·

231 3361 378 3436 γορῆσαι,
402 3358 453 3420 καὶ
477 3358 576 3436 μέτρα
598 3359 650 3421 καὶ
673 3357 713 3420 τὰ
737 3359 834 3422 λοιπά
852 3365 918 3422 τῶν
934 3357 1193 3436 ἀναγκαιοτέρων
1209 3359 1404 3442 σαφεστέριμ

170 3547 173 3554 .
230 3465 281 3526 καὶ
305 3467 520 3548 διδασκαλικῶ
543 3463 654 3548 τρόπῳ
685 3465 952 3543 ἐπεξηγήσασθαι.
1000 3463 1126 3529 Deinde
1154 3471 1322 3550 postquam
1347 3466 1403 3528 mi-

229 3570 341 3635 sellum
355 3569 501 3634 Proclum
515 3569 721 3636 vehementer
737 3571 906 3656 increpuit,
922 3573 1002 3656 ipse,
1020 3591 1101 3653 quae
1119 3571 1207 3635 illum
1223 3570 1403 3653 neglexisse

230 3677 318 3760 dicit,
353 3677 443 3758 facit,
479 3696 549 3742 cum
584 3678 713 3743 brevem
744 3678 1015 3743 chrestomathiue
1040 3685 1245 3764 conspectum
1269 3678 1403 3762 praebet

229 3784 285 3862 (cf.
310 3783 489 3874 Kayserum
520 3784 541 3848 l.
565 3785 584 3848 l.
616 3807 646 3869 p.
670 3786 737 3865 64).
797 3785 1022 3851 Necessarium
1064 3805 1134 3850 esse
1173 3790 1266 3868 putat
1306 3783 1403 3849 lecto-

228 3911 294 3954 rem
324 3891 356 3954 in
386 3891 528 3973 quolibet
552 3893 779 3957 commentario
805 3891 846 3956 de
875 3891 1020 3956 omnibus
1045 3893 1149 3975 poesis
1172 3891 1343 3974 generibus
1371 3898 1403 3956 et

228 4017 349 4061 eorumv
379 3998 483 4082 poetis
528 3999 695 4064 certiorem
736 3999 820 4063 fieri.
879 3999 916 4062 In
957 3997 1192 4082 prolegomenis
1232 3996 1402 4062 Hesiodeis

228 4103 364 4168 Tzetzes
387 4111 542 4188 provocat
562 4105 606 4170 ad
632 4106 755 4171 iambos
779 4126 853 4171 suos
876 4107 948 4185 περὶ
972 4106 1133 4184 διαφοράς
1150 4109 1294 4182 ποιητῶν
1311 4112 1342 4168 et
1359 4104 1401 4169 ad

227 4210 454 4294 prolegomena
478 4213 509 4275 in
536 4212 758 4296 Lycophronis
770 4211 987 4276 Alexandram
1005 4213 1126 4294 scripta
1146 4233 1174 4295 p.
1195 4213 1245 4291 12,
1263 4211 1399 4292 13sqq.:

226 4319 306 4395 Περὶ
336 4319 393 4397 μὲν
421 4321 478 4398 τῆς
506 4321 572 4381 τῶν
596 4324 738 4395 ποιητῶν
763 4320 951 4397 διαιρέσεως
976 4319 1026 4382 καί
1050 4321 1163 4402 πρῴην
1187 4312 1239 4397 μοι
1264 4319 1400 4396 έπεξείρ·

225 4439 343 4502 γασται
366 4425 478 4504 μικρόν
500 4425 761 4503 συγγραμμάτιον
778 4425 1001 4503 αὐτοσχεδίοις
1018 4426 1249 4502 συντιθέμενον
1265 4424 1400 4507 ἰάμβοις,
