3118 5044
649 287 823 345 ‚33-

146 467 337 558 Apollodori
362 489 476 537 nomen
501 472 533 536 in
556 471 621 536 tab.
643 471 668 536 C
692 471 842 536 omissum
867 470 1099 536 Kroehnertius
1121 465 1280 554 supplevit
1305 485 1323 535 e

148 579 266 645 codice
290 579 454 655 Vaticano,
480 598 541 662 quo
565 577 650 643 idem
675 576 772 643 index
796 578 975 660 exhibetur,
1000 597 1093 659 quern
1117 577 1209 642 initio
1232 575 1321 641 muti-

147 689 249 753 latum
274 686 393 771 publici
417 686 494 752 iuris
518 687 598 752 iecit
621 687 647 751 Ι.
672 684 932 768 Hergenroether
956 685 1063 766 (Pbot.
1089 684 1266 750 Patriarch.
1293 707 1322 750 v.

148 793 414 878 Constantinopel
439 794 488 857 lll
519 793 633 873 (1869)
659 814 690 877 p.
708 793 771 857 257
802 791 877 856 adn.
901 793 974 875 37);
1007 792 1050 856 cl.
1076 790 1322 856 Krcehnertium

147 924 183 986 p.
200 903 231 966 9.
278 902 450 967 Praeterea
474 899 641 985 Posidippi
666 921 779 966 nomen
803 900 835 964 in
859 900 978 966 tabulis
1002 898 1104 964 deest.

259 1007 412 1074 Videmus
441 1007 539 1091 igitur
567 1009 600 1072 in
628 1007 747 1073 tabulis
775 1005 887 1073 eadem
911 1008 1041 1072 nomina
1064 1007 1175 1090 paucis
1199 1011 1322 1071 tantum

147 1115 296 1200 exceptis
320 1121 431 1180 extare
455 1120 552 1196 atquc
575 1115 607 1178 in
631 1134 802 1198 anonymo.
839 1114 969 1179 Summo
993 1115 1062 1178 iure
1086 1112 1171 1178 hunc
1194 1133 1323 1180 consen·

147 1242 221 1287 sum
245 1221 353 1305 magni
376 1221 529 1301 facimus3
554 1227 602 1288 est
627 1222 710 1286 enim
734 1221 916 1304 singularia.
957 1219 1162 1304 Quantopere
1179 1219 1324 1285 talesin-

148 1328 242 1393 dices
266 1327 399 1392 differre
427 1329 560 1411 possint,
592 1326 697 1392 elucet
721 1347 761 1391 ex
785 1326 892 1392 indice
916 1347 934 1392 e
957 1326 1069 1392 codice
1093 1327 1220 1391 Estensi
1244 1347 1324 1392 sum·

147 1443 218 1520 pto,
243 1434 298 1517 qui
321 1436 352 1498 in
367 1433 506 1499 Kaibelii
525 1433 717 1499 comicorum
741 1453 929 1517 graecorum
953 1433 1142 1518 fragmentis
1166 1432 1324 1519 anonymo

149 1541 299 1606 adsertus
323 1548 381 1606 est.
429 1540 487 1606 Cui
512 1547 561 1605 cst
584 1541 709 1606 titulus:
735 1541 808 1605 Τῶν
824 1544 881 1620 τῆς
898 1539 1032 1619 ἀρχαίας
1049 1541 1217 1625 κωμῳδίας
1235 1562 1325 1619 ποιη-

148 1653 219 1713 τῶν
235 1647 379 1726 ὀνόματα
395 1648 446 1712 καὶ
469 1647 622 1725 δράματα.
657 1647 904 1711 Enumerantur:
930 1645 1166 1731 Theopompus,
1184 1645 1325 1730 Strattis,

150 1756 373 1838 Pherecrates,
399 1756 522 1837 Crates,
547 1756 651 1836 Plato,
675 1753 870 1836 Teleclidcs,
894 1752 1105 1838 Phrynichus.
1139 1754 1181 1819 Et
1197 1775 1232 1820 re
1248 1775 1326 1820 vera

150 1883 309 1947 nusquam
334 1862 411 1927 alibi
434 1862 520 1927 idem
544 1847 668 1926 indices
690 1861 903 1926 inveniuntur.
943 1859 1035 1938 Quod
1057 1867 1091 1924 ut
1111 1860 1324 1926 demonstrem

151 1969 344 2036 testimoniis
362 1990 381 2033 a
396 1966 608 2034 Kroehnertio
634 1967 777 2032 collectis
802 1974 881 2033 utor.
922 1968 990 2032 lam
1016 1966 1078 2050 ille,
1103 1967 1157 2032 ubi
1181 1967 1222 2032 de
1246 1969 1325 2032 anti-

153 2096 239 2158 quae
263 2077 368 2160 poetis
392 2074 481 2155 dicit,
507 2073 735 2139 animadvertit
759 2073 930 2158 heptadem
955 2073 1042 2138 illam
1066 2075 1098 2137 in
1122 2073 1211 2139 tabb.
1227 2075 1266 2138 ..M
1293 2082 1325 2139 et

154 2184 181 2248 C
205 2191 366 2249 servatam
390 2202 545 2264 nusquam
569 2181 705 2246 inveniri
729 2183 790 2246 nisi
814 2180 960 2246 similiter
981 2181 1013 2246 in
1030 2201 1190 2266 anonymo
1206 2190 1325 2248 nostro.

152 2312 185 2376 p.
203 2291 260 2355 26:
288 2290 335 2374 „E
359 2290 518 2355 contrario
538 2289 699 2354 ternarius
715 2307 864 2354 numerus
880 2296 978 2371 atque
994 2289 1026 2352 in
1043 2288 1177 2372 tragicis
1193 2289 1326 2374 perinde

153 2399 186 2462 in
220 2398 350 2462 comicis
379 2397 483 2482 poetis
513 2394 677 2480 elegendis
705 2396 818 2461 summi
847 2396 997 2461 momenti
1027 2403 1086 2461 est.
1132 2395 1214 2463 Nam
1239 2397 1325 2482 apud

153 2505 327 2589 permultos
360 2510 506 2569 auctores
539 2503 688 2585 antiquos
723 2502 755 2566 hi
789 2514 854 2568 tres
887 2502 1128 2587 Aristophanes,
1166 2503 1324 2585 Cratinus,

154 2611 287 2696 Eupolis
325 2609 590 2693 praestantissimi
614 2606 867 2678 ,comoediarum
906 2609 1078 2692 scriptores
1121 2609 1322 2674 laudantur.“

155 2716 311 2783 Concedit
334 2714 462 2798 quidem
487 2714 645 2779 interdum
670 2735 727 2798 pro
753 2715 816 2778 alio
841 2713 936 2778 alium
966 2721 1094 2798 poetam
1122 2715 1270 2781 substitui
1295 2725 1327 2782 et

154 2845 250 2890 unum
274 2823 378 2888 locum
402 2823 505 2903 affert,
531 2843 593 2905 quo
617 2829 768 2906 quattuor
792 2823 1008 2887 nominantur:
1034 2822 1238 2908 Ps.·Dionys.
1254 2825 1326 2889 Hal.

155 2938 214 2997 art.
239 2930 320 2996 rhet.
347 2933 458 3009 11,10
483 2929 646 3015 p.413R.
697 2929 763 2994 Sed
798 2928 850 2994 hic
882 2929 971 2994 locus
1003 2951 1065 2995 non
1099 2931 1199 3015 premi
1232 2951 1327 3015 posse

157 3037 292 3117 videtur,
317 3035 402 3118 quod
427 3036 517 3100 iuxta
541 3034 799 3119 Aristophanem,
824 3033 999 3116 Cratinum,
1024 3036 1171 3119 Eupolim
1197 3036 1327 3102 Menan·

155 3146 223 3227 der,
257 3163 361 3210 novae
385 3141 571 3208 comoediae
595 3148 701 3226 poeta,
733 3141 891 3206 laudatur.
939 3140 1097 3219 Quattuor
1124 3143 1205 3208 alios
1229 3144 1326 3226 locos,

156 3270 235 3333 quos
258 3249 342 3314 infra
365 3249 398 3313 in
425 3247 532 3313 media
561 3246 728 3313 comoedia
756 3247 926 3313 tractanda
955 3255 1130 3327 enumerat,
1165 3249 1226 3314 boc
1256 3250 1326 3316 loco

155 3376 402 3422 commemorare
424 3357 529 3440 potuit
548 3354 794 3421 Kroehnertius:
818 3356 855 3418 lu
872 3355 1011 3419 Tacinae
1035 3356 1067 3419 in
1080 3355 1326 3442 Aristophanem

156 3464 318 3550 prooemio
340 3465 412 3545 περὶ
438 3463 606 3547 κωμῳδίας
630 3462 693 3544 (Pb
713 3461 866 3541 Kaibclii)
888 3469 1000 3526 extant
1016 3484 1045 3528 v.
1062 3464 1107 3526 44
1119 3483 1166 3545 sq.
1184 3466 1326 3529 nomina:

156 3571 289 3655 Eupolis
312 3571 460 3636 Cratinus
482 3570 691 3636 Pherecrates
713 3569 821 3650 Plato,
847 3568 960 3634 eadem
983 3572 1112 3635 nomina
1136 3571 1328 3648 exhibentur

156 3679 189 3743 in
219 3678 363 3762 prolegg.
394 3679 426 3741 in
458 3676 620 3761 Lycophr.
651 3679 682 3760 p.
699 3678 753 3755 34,
770 3678 812 3740 22
837 3677 932 3741 Kaib.
961 3685 1000 3742 :et
1031 3679 1063 3742 in
1097 3675 1328 3744 tractatu'Ma

156 3808 186 3850 v.
206 3785 269 3850 116
282 3803 351 3865 sqq.
383 3783 425 3846 Et
441 3803 480 3846 ex
499 3781 640 3847 eiusdem
657 3783 772 3848 iambis
788 3785 859 3861 περὶ
878 3788 967 3862 buco.
981 3804 1086 3862 ποιητ.
1104 3805 1134 3868 p.
1148 3785 1202 3864 37,
1216 3785 1264 3852 83·
1276 3787 1327 3850 ex'·

156 3898 226 3957 tant
237 3891 385 3956 Cratinus
401 3889 534 3973 Eupolis
550 3888 760 3955 Pherecrates
771 3889 1004 3974 Aristophanes
1017 3880 1211 3975 Hermippus
1225 3893 1327 3957 Plato.

157 3999 266 4082 Magni
290 3999 439 4062 momenti
469 4003 517 4062 est
542 3997 693 4062 Tretzam
722 3997 921 4082 potissimum
953 4000 1126 4063 ternarium
1153 4017 1327 4080 numerum,

157 4108 210 4188 qui
235 4104 321 4188 apud
347 4113 470 4170 ceteros
493 4105 666 4188 scriptores
689 4125 856 4170 occurrere
880 4106 980 4186 solet,
1002 4112 1233 4188 transgressum
1259 4125 1328 4170 esse

157 4234 261 4298 neque
285 4213 346 4278 hoc
360 4212 474 4277 Proclc
499 4212 640 4277 tribuere
663 4210 856 4277 dubitamus.
904 4211 994 4290 Quod
1014 4213 1183 4297 Byzantini
1205 4211 1329 4304 indices

157 4343 220 4386 non
249 4320 344 4404 plane
377 4339 447 4384 cum
476 4340 635 4404 anonymo
665 4320 716 4384 vel
747 4321 853 4404 potius
879 4319 992 4384 Proclo
1023 4325 1211 4403 congruunt,
1241 4316 1328 4403 apud

158 4428 293 4493 Tnetzas
317 4425 480 4493 offendere
502 4446 565 4491 non
590 4424 753 4491 debemus.
852 4489 855 4494 .

1098 4532 1116 4586 3
