3132 5046
721 283 931 342 —36-.

226 461 390 528 docuerat.
430 463 682 529 lureKaibelius
698 465 800 548 plb:
825 463 963 529 Danach
988 463 1081 529 sollte
1104 485 1188 546 man,
1213 463 1326 546 inquit,
1352 463 1403 528 da

226 569 309 635 doch
325 568 421 635 beide
434 571 753 654 Dramengattungen
778 570 957 650 (comoedia
973 579 1005 636 et
1021 570 1202 654 tragoedia)
1226 571 1397 637 desselben

225 678 409 764 Ursprungs
441 677 522 761 sind,
556 678 638 744 auch
668 679 720 744 fur
751 679 803 744 die
828 679 992 762 Tragbdie
1021 680 1113 745 einen
1141 678 1311 744 dor-ischeu
1338 681 1397 745 Er-

226 785 331 851 fiudcr
363 793 530 852 erwarteu.
578 787 649 851 Den
681 787 786 870 geben
819 807 877 851 uns
911 786 1087 870 allerdings
1119 785 1173 851 die
1206 785 1393 852 erhaltenen

225 891 540 977 (Dionys-lsscholien
557 893 657 975 nicht,
674 893 758 959 wohl
777 894 854 958 aber
871 893 966 970 einer,
988 892 1045 958 der
1061 895 1108 960 sie
1124 893 1394 977 ausgeschriebeu

225 998 281 1064 hat
305 1000 416 1080 (affert
439 1001 544 1066 locum
567 1021 585 1066 e
609 1001 752 1086 prolegg.
778 1003 810 1065 in
830 999 1019 1086 Lycophr.),
1044 1001 1148 1066 wobei
1171 1001 1221 1066 ius
1245 1001 1396 1067 Gewicht

225 1106 309 1188 fallu,
343 1105 418 1172 dass
452 1107 503 1172 bei
533 1108 664 1173 Proclus
688 1109 786 1173 Arion
819 1108 902 1173 nach
930 1107 1130 1174 Aristoteles'
1160 1107 1314 1191 Vorgang
1347 1108 1397 1175 als

226 1220 325 1278 erster
349 1213 713 1298 Dithyrambendichter
738 1215 940 1280 ver-zeichnet
966 1237 1033 1281 war
1061 1213 1126 1280 und
1154 1213 1206 1279 die
1230 1214 1397 1298 Tragbdie

226 1319 401 1385 wiederum
433 1319 516 1386 uach
540 1322 729 1388 Aristoteles
759 1343 816 1387 aus
845 1321 918 1386 dem
949 1321 1180 1406 Dithyramhus
1208 1321 1398 1387 erwachsen

225 1429 276 1492 ist.
323 1428 424 1492 Arion
456 1428 521 1492 und
549 1428 687 1514 Thespis
719 1451 759 1495 au
793 1429 850 1494 der
879 1430 988 1515 Spitae
1022 1429 1079 1494 der
1110 1429 1200 1494 Liste
1233 1428 1398 1495 hedeuten

225 1535 342 1600 keineu
366 1535 604 1620 Widersprueh.
652 1536 768 1602 Beides
793 1536 862 1602 siud
888 1536 1049 1602 Erfinder.

333 1643 388 1708 Sic
411 1644 579 1728 probatum
605 1664 675 1710 esse
699 1644 917 1709 existimamus
942 1644 1166 1710 laterculorum
1183 1644 1306 1709 indices
1322 1663 1396 1708 cum

226 1750 340 1816 Proclo
364 1749 446 1815 adeo
471 1771 657 1834 congruere,
687 1758 722 1816 ut
746 1753 820 1834 quiu
846 1772 863 1816 e
889 1751 1139 1818 chrestomathia
1163 1753 1307 1836 excerpti
1331 1751 1398 1816 siut

226 1858 288 1922 non
305 1859 406 1941 possit
423 1857 572 1922 dubitari.
609 1858 672 1923 Gur
688 1879 844 1923 canonum
860 1859 999 1943 scriptor
1016 1859 1076 1924 hoc
1091 1859 1290 1943 potissimum
1310 1879 1394 1923 com-

226 1965 343 2050 pendio
368 1986 443 2031 usus
466 1966 509 2030 sit
532 1966 711 2050 apparebit,
736 1986 807 2030 cum
824 1967 1067 2048 meminerimus,
1093 1972 1244 2048 quantum
1262 1965 1397 2030 Proclus

225 2071 345 2136 iudicio
369 2082 550 2157 poematum
577 2074 732 2154 tribuerit,
758 2093 821 2154 qua
838 2072 878 2137 de
895 2093 928 2137 re
949 2093 1045 2157 supra
1069 2073 1217 2155 diximus,
1242 2095 1273 2137 ν.
1297 2072 1396 2137 ctiam

226 2181 440 2247 Immischium
466 2201 496 2264 p.
514 2181 588 2244 248.
617 2180 766 2262 Ratione,
791 2200 873 2262 quae
897 2185 978 2244 iuter
1002 2181 1172 2245 laterculos
1197 2188 1229 2244 et
1245 2179 1393 2245 Proclum

225 2287 397 2352 intercedit
430 2287 647 2352 demonstrata
679 2287 816 2370 fortasse
850 2288 944 2351 etiam
975 2285 1182 2352 differentiae
1207 2307 1289 2369 quae
1312 2288 1395 2351 inter

227 2395 337 2460 ambos
361 2401 483 2477 extant,
514 2395 668 2478 explicari
693 2401 834 2478 possunt.
883 2394 919 2457 In
948 2394 1087 2475 antiquis
1115 2395 1245 2459 comicis
1269 2415 1393 2458 enume-

225 2503 304 2566 ratis
327 2502 419 2566 Plato
453 2503 494 2566 ab
528 2522 686 2586 anonymo
718 2501 852 2566 omissus
882 2508 940 2568 est.
988 2502 1140 2567 Potestne
1164 2522 1202 2566 eo
1227 2502 1392 2585 explicari,

227 2608 311 2690 quod
335 2616 433 2693 poeta
456 2608 509 2672 ille
530 2609 562 2672 in
579 2608 719 2673 confinio
744 2607 895 2688 antiquae
919 2616 951 2672 et
975 2608 1099 2673 mediae
1124 2608 1309 2700 comoediae
1330 2615 1394 2674 stat

226 2721 258 2784 et
286 2715 336 2780 vel
365 2715 410 2779 illi
435 2716 484 2780 vel
515 2715 589 2779 huic
617 2713 822 2796 assignatur-‘l
869 2715 919 2779 Of.
946 2714 1044 2780 schol.
1072 2716 1206 2799 Dionys,
1231 2737 1263 2801 p.
1283 2717 1334 2798 19,
1351 2716 1393 2779 2ss

226 2822 362 2903 —20‚4
385 2822 436 2885 καὶ
451 2826 508 2899 τῆς
525 2824 583 2900 μὲν
600 2825 738 2900 παλαιᾶς
751 2869 863 2886 .....
880 2827 937 2901 τῆς
962 2824 997 2887 δὲ
1020 2823 1120 2900 μέσης
1145 2824 1198 2888 καὶ,
1220 2823 1319 2900 αὐτῆς
1336 2824 1394 2900 μὲν

226 2931 341 2993 πολλοὶ
357 2929 540 3011 γεγόνασιν,
554 2930 711 3006 ἐπίσημος
725 2931 760 2992 δὲ
772 2928 913 2993 Πλάτων
925 2933 1007 3010 xus,
1027 2928 1059 2992 in
1072 2930 1164 3013 proll.
1184 2931 1215 2993 in
1230 2928 1394 3013 Lycophr.

227 3037 319 3101 unius
343 3035 465 3120 periodi
483 3037 597 3100 comici
621 3035 803 3101 iudicantur
820 3035 978 3118 Cratinus,
996 3036 1099 3117 Plato,
1117 3036 1259 3121 Eupolis,
1278 3037 1394 3101 Phere-

228 3151 341 3218 crates,
371 3141 602 3226 Aristophanes
632 3144 683 3206 uui
711 3142 827 3223 ἕτεροι;
865 3143 906 3207 cf.
937 3143 1032 3207 etiam
1057 3143 1116 3224 Ph,
1145 3143 1208 3225 Ma,
1239 3143 1334 3208 lamb.
1359 3165 1393 3207 π.

227 3257 315 3331 διαφ.
340 3269 443 3327 ποιητ.
491 3249 649 3331 Magnetis
673 3268 788 3313 nomeu
812 3271 832 3314 a
856 3270 1010 3314 canonum
1041 3249 1197 3334 scriptore
1222 3255 1395 3336 propterea

227 3359 376 3441 omissum
401 3376 470 3420 esse
495 3354 632 3437 videtur,
658 3355 743 3438 quod
766 3356 851 3420 illius
874 3356 1005 3420 fabulae
1028 3377 1091 3420 uon
1115 3363 1263 3420 servatae
1287 3364 1394 3422 erant:

228 3479 321 3532 anon.
345 3487 374 3530 v.
400 3465 437 3554 2]
472 3469 538 3528 τῶν
563 3465 597 3527 δὲ
622 3465 792 3541 δραμάτων
821 3465 919 3528 αὐτοῦ
950 3465 1046 3528 οὐδὲν
1070 3467 1219 3548 orbicum,
1245 3464 1395 3546 idemque

228 3573 335 3639 valere
371 3569 496 3634 videtur
531 3568 572 3634 de
606 3569 780 3655 Thespidis
815 3571 942 3634 nomine
976 3571 1008 3633 in
1043 3573 1237 3653 tragicorum
1271 3591 1395 3636 canone

228 3681 354 3747 omisso.
400 3677 570 3741 Rationem
597 3678 680 3741 inter
709 3677 879 3742 laterculos
904 3684 936 3741 et
965 3697 1156 3761 anonymum
1182 3677 1261 3743 satis
1291 3684 1393 3742 artam

229 3807 298 3853 esse
321 3783 491 3852 concludat
516 3783 673 3869 quispiam
699 3804 738 3848 ex
762 3804 810 3865 e0,
846 3783 931 3866 quod
957 3783 1131 3867 Phrynichi
1161 3805 1275 3850 nomen
1299 3806 1319 3849 a
1344 3805 1395 3850 ca-

228 3913 345 3960 nonum
370 3892 523 3976 scriptore
548 3891 695 3956 omissum
720 3899 778 3973 est,
812 3890 899 3975 apud
923 3911 1114 3975 anonymum
1146 3898 1253 3956 autem
1284 3893 1393 3974 verba,

231 4001 344 4084 quibus
368 3998 408 4063 de
431 3996 614 4082 Phrynicho
642 3999 758 4080 agitur,
792 3998 937 4062 mutilata
967 4005 1050 4062 sunt.
1098 3999 1180 4064 Nam
1204 4019 1286 4080 quae
1310 4017 1395 4063 nuuc

231 4109 391 4193 leguntur:
417 4105 576 4184 Φρύνιχος
599 4104 881 4183 Πολυφράδμονος
906 4105 1021 4169 ἔθανεν
1045 4105 1080 4167 ἐν
1104 4106 1230 4187 Σικελίᾳ
1254 4113 1288 4169 ut
1311 4103 1394 4169 vidit

231 4214 406 4296 Kaibelius,
419 4211 459 4276 ad
475 4211 630 4292 tragicum
645 4217 771 4294 poetam
785 4219 934 4294 spectant
950 4233 970 4275 a
984 4209 1106 4277 comico
1121 4209 1393 4293 distinguendum.

232 4324 293 4402 Qui
309 4323 334 4388 si
356 4320 416 4386 boc
433 4324 553 4382 tantum
578 4317 647 4381 loco
666 4324 928 4382 commemoratus
952 4321 1032 4397 erat,
1058 4315 1155 4379 facile
1173 4317 1269 4380 etiam
1294 4315 1394 4400 expli-

234 4439 331 4508 catur,
357 4449 412 4494 cur
427 4427 494 4492 eius
510 4442 622 4489 nomen
639 4424 671 4486 in
690 4424 865 4488 canonibus
889 4423 989 4498 deest,
1015 4422 1108 4487 adest
1132 4422 1217 4506 apud
1231 4423 1393 4488 Taetaam.
