3118 5044
738 311 772 320 „
809 281 914 334 ρῳ...

242 461 553 528 iamcumP1·eiiero
577 461 645 541 (1.1.
663 483 695 546 p.
714 461 791 542 109)
808 459 1036 542 dubitabimus,
1060 466 1163 524 utrum
1182 459 1315 524 virtutes
1339 458 1415 524 illae

243 567 316 653 „die
333 568 497 634 Prttzision
521 566 586 632 und
609 567 790 651 gedrangte
807 569 921 649 Kttrze,
946 565 1068 632 welche
1084 565 1138 631 die
1158 566 1413 632 Gbrostomatbia

239 695 275 742 so
293 675 481 741 vortcilbait
501 673 785 740 cbarakterisiert“
812 675 933 757 eclogia
950 693 991 737 an
1007 673 1114 738 Procli
1138 674 1227 758 operi
1251 673 1312 758 ipsi
1336 671 1414 738 dan-

240 782 302 848 dao
325 782 400 848 sint.
446 783 588 864 Procius,
624 801 706 864 quaa
730 781 813 847 scitu
837 780 937 864 digna
960 781 1105 865 putabat,
1134 779 1199 846 iam
1222 781 1255 844 in
1277 780 1413 845 formam

239 897 305 955 tam
329 896 431 954 artam
455 888 551 971 fudit,
575 896 610 954 ut
630 895 835 973 excerptores
860 888 928 952 eius
943 886 1079 952 vinculis
1104 887 1195 970 quasi
1219 891 1414 953 tenerentur.

240 995 387 1078 Accedit,
423 996 508 1080 quod
533 997 665 1062 Proclus
694 1017 758 1062 non
788 1003 823 1060 ut
851 995 906 1060 alii
931 1015 1040 1060 omncs
1063 994 1239 1060 sententias
1261 995 1295 1059 in
1319 1014 1414 1060 unam

239 1104 454 1170 narrationem
480 1105 722 1188 pragmaticam,
759 1109 795 1167 ut
817 1103 864 1168 ita
889 1101 1006 1182 dicam,
1031 1100 1250 1167 confundebat
1277 1101 1334 1166 sed
1359 1121 1415 1168 eas

240 1211 384 1294 singulas
408 1229 594 1276 enumerare
617 1211 697 1276 satis
721 1207 871 1274 babebat.
907 1209 958 1274 Ita
974 1228 1025 1274 res
1040 1227 1075 1273 sa
1092 1207 1190 1272 babet
1206 1208 1239 1272 in
1262 1210 1414 1293 anonymi

240 1322 392 1401 tractatu,
417 1337 510 1400 quem
530 1316 572 1382 ad
591 1316 739 1382 Proclum
756 1315 861 1382 rodino
887 1315 936 1382 bis
959 1314 1087 1380 indiciis
1110 1315 1158 1380 usi
1182 1315 1413 1399 intellegemus.

240 1426 322 1493 Nam
354 1426 506 1509 scriptum
542 1425 713 1510 genuinum
749 1424 893 1490 versibus
923 1423 1132 1506 compositum
1169 1422 1268 1489 inisse
1300 1421 1414 1487 dubito

239 1551 313 1596 num
334 1532 404 1614 quis
420 1531 564 1598 Mekicro
581 1551 728 1598 assensus
745 1531 802 1613 sit3
826 1550 908 1613 quaa
925 1549 1071 1595 versuum
1092 1530 1230 1613 vestigia
1253 1530 1414 1595 invenisse

240 1639 301 1704 sibi
332 1639 418 1705 visus
450 1646 509 1714 ast,
544 1637 634 1703 nihili
664 1645 748 1704 sunt.
790 1638 894 1719 Volnt,
924 1637 1001 1720 quid
1024 1637 1057 1703 in
1081 1638 1188 1704 vorbis
1211 1640 1340 1715 πρῶτος
1365 1658 1416 1716 με·

240 1745 378 1823 θύοντας
408 1746 443 1810 ἐν
474 1747 624 1832 κωμῳδίᾳ
656 1746 843 1825 παρήγαγεν
872 1747 916 1830 (p.
935 1746 965 1826 t,
982 1746 1038 1826 30)
1068 1766 1088 1810 a
1116 1764 1232 1829 prosae
1261 1743 1415 1810 orationis

240 1852 407 1917 verborum
432 1853 546 1918 ordino
569 1853 709 1917 alienum
733 1852 806 1917 cst?
842 1851 919 1934 qnid
942 1853 975 1916 in
992 1852 1099 1918 verbis
1116 1854 1160 1936 (p.
1173 1851 1204 1933 8,
1218 1851 1260 1915 33
1271 1854 1332 1932 sq.)
1355 1855 1413 1915 τοῦ

240 1961 298 2037 μὲν
322 1963 483 2038 λοιδορεῖν
507 1959 642 2037 ἀπέστη,
667 1960 836 2039 πράγματα
861 1960 896 2023 δέ
920 1958 1149 2037 εἰσηγούμενος
1174 1958 1266 2022 καινὰ
1290 1957 1415 2037 ηὐδοκί-

240 2087 300 2147 μει,
316 2068 491 2147 γενόμενος
509 2067 676 2148 εὑρετικὸς
687 2063 823 2145 uocas?
858 2065 1019 2131 Maklarus
1035 2085 1072 2131 eo
1090 2072 1214 2131 tantum
1231 2063 1414 2149 rhythmum

240 2173 355 2254 efficit,
380 2173 465 2256 quod
487 2173 638 2238 nonnulla
665 2174 785 2240 inserit.
833 2171 935 2251 Quam
960 2173 1056 2239 iaciie
1080 2179 1188 2238 autom
1212 2173 1254 2239 sit
1278 2191 1295 2236 a
1318 2191 1415 2256 prosa

240 2279 385 2345 oratione
409 2299 520 2346 versus
543 2280 704 2346 trimetros
729 2300 921 2364 componore
945 2286 1071 2346 constat
1087 2288 1120 2346 at
1136 2281 1215 2346 satis
1233 2285 1282 2344 cst
1297 2278 1414 2344 Kockii

243 2406 381 2463 monera,
405 2389 460 2470 qui
485 2407 619 2470 magnas
643 2385 848 2472 Aloipbronis
873 2387 1078 2471 epistularum
1104 2394 1136 2453 et
1151 2386 1289 2452 Luciani
1314 2384 1414 2451 dialo-

240 2512 352 2576 gorum
376 2500 485 2579 partas
509 2494 539 2558 in
565 2492 687 2559 iambos
711 2513 821 2560 vorsus
845 2493 1097 2562 transformavit.

346 2600 395 2667 Ne
417 2600 450 2666 in
474 2601 563 2666 bravi
581 2599 707 2683 quidem
731 2600 905 2686 prooemio,
930 2620 992 2683 qno
1015 2600 1055 2665 da
1079 2600 1266 2674 comoediae
1290 2601 1414 2683 origine

240 2727 417 2792 anonymus
433 2709 512 2790 agit,
529 2708 668 2791 vestigia
688 2707 907 2792 dispositionis
921 2708 1108 2773 Proclianac
1125 2708 1312 2774 oblitterata
1329 2714 1414 2792 sunt,

241 2814 325 2896 quod
354 2834 393 2880 ao
423 2814 527 2897 magis
558 2822 606 2880 est
636 2813 839 2898 monendum,
873 2834 944 2880 oum
970 2815 1133 2898 scriptoris
1157 2816 1296 2881 maxime
1319 2816 1414 2882 intor-

240 2928 325 2988 assct
353 2920 395 2986 ad
421 2922 614 2988 comicorum
638 2922 832 3006 singulorum
858 2922 941 2988 vitas
971 2940 1153 3006 properare.
1201 2922 1245 2987 Ut
1273 2923 1343 3007 ipsa
1368 2923 1413 2988 iu·

240 3028 340 3110 dicos,
373 3029 524 3115 anonymi
559 3035 715 3095 tractatus
744 3029 867 3093 initium
899 3049 971 3094 cum
1002 3027 1271 3094 cbrcstomatbiac
1295 3031 1414 3113 capita,

241 3156 303 3219 quo
327 3136 367 3202 do
391 3137 550 3222 epopoeia
573 3137 689 3221 agitur,
714 3154 917 3220 componam:

445 3262 595 3330 anonym.
1051 3241 1219 3309 chrestom.

285 3350 351 3427 Τήν
388 3351 558 3434 κωμῳδίαν
600 3351 800 3430 ηὑρήσθαί
901 3350 956 3413 Καὶ
980 3349 1029 3414 ὅτι
1053 3350 1089 3414 τὸ
1114 3348 1192 3428 ἔπος
1211 3352 1414 3430 πρῶτονμὲν

241 3471 344 3536 φασιν
372 3457 435 3521 ὑπὸ
459 3443 705 3537 Σοοσαρίώνος·
742 3460 800 3536 τήν
855 3457 995 3535 ἐφεῦρε
1026 3456 1179 3536 Φημονόη
1207 3457 1226 3533 ἡ
1252 3455 1414 3521 Ἀπόλλω-

241 3566 276 3629 δέ
300 3563 519 3643 ὀνομασίαν
543 3563 646 3644 ἔχειν
671 3557 707 3630 οῖ
734 3567 800 3645 μὲν
855 3583 913 3641 νος
937 3567 1108 3645 προφῆτις,
1132 3563 1315 3643 ἑξαμέτροις
1339 3584 1414 3643 χρη-

241 3670 290 3735 ὅτι
314 3671 386 3749 περὶ
409 3671 466 3749 τὰς
491 3671 598 3750 κώμας
622 3673 800 3752 περιιόντες
827 3667 829 3790 ῳ
855 3675 951 3749 σμοῖς
986 3671 1185 3749 χρησαμένη·
1222 3672 1272 3734 καὶ
1305 3671 1413 3749 ἐπειδὴ

240 3779 321 3862 ήδον
354 3778 405 3841 καὶ
437 3778 670 3854 ἐπεδείκνυντο,
706 3783 800 3859 μήπω
855 3783 924 3856 τοῖς
947 3781 1104 3857 χρησμοῖς
1128 3778 1168 3841 τὰ
1191 3777 1360 3856 πράγματα
1376 3778 1415 3842 εί-

240 3884 369 3949 πόλεων
393 3883 504 3950 οίισών
528 3883 598 3949 ἀλλ’
621 3887 656 3951 ἐν
679 3888 800 3968 κώμαις
855 3905 934 3949 πετο
958 3887 1008 3949 καὶ
1024 3883 1187 3964 σύμφωνα
1206 3883 1255 3966 ἦν,
1280 3884 1358 3962 έπος
1375 3886 1414 3949 τὸ

241 3991 417 4056 οἰκούντων
445 3998 510 4056 τών
538 3991 728 4072 ἀνθρώπων,
761 3996 799 4058 οῖ
855 3993 971 4056 ἐκτῶν
990 3993 1115 4072 μέτρων
1135 3994 1340 4069 κληθῆναι.
1377 3993 1414 4056 οί

241 4101 280 4163 δέ
318 4097 594 4178 ἀντιλέγοντές
632 4116 727 4180 φασι
758 4103 799 4181 μή
856 4102 895 4166 δέ
918 4115 1059 4182 φασιν,
1090 4097 1138 4162 ὅτι
1163 4099 1216 4162 διὰ
1238 4099 1297 4178 τήν
1321 4120 1414 4164 κατα·

241 4206 349 4285 κώμας
388 4208 554 4271 καλεῖσθαι
598 4209 673 4286 παρ’
713 4207 798 4286 Ἀθη·
855 4208 973 4286 σκευὴν
997 4207 1049 4270 καί
1066 4208 1124 4284 τὴν
1147 4204 1229 4282 ἄγαν
1252 4207 1414 4285 ὑπεροχήν

240 4313 343 4393 ναίοις
367 4313 450 4379 ἀλλὰ
470 4314 602 4392 δήμους,
626 4316 676 4378 καί
693 4335 799 4398 κωμῳ-
855 4316 912 4392 τήν
930 4314 965 4377 ἐν
988 4317 1058 4391 τοῖς
1075 4313 1258 4392 ἑξαμέτροις
1278 4319 1414 4392 θεωρου-

241 4420 313 4484 δίαν
345 4420 444 4500 αὐτὴν
476 4423 631 4486 καλοῦσιν
664 4420 732 4485 ἐπεὶ
763 4421 798 4485 ἐν
854 4422 953 4501 μένην
976 4422 1014 4485 τὸ
1031 4421 1142 4486 κοινὸν
1165 4420 1267 4500 ὄνομα
1288 4421 1411 4500 παντὸς
