3118 5044
651 339 826 394 ..11-

146 529 291 606 τρόπον.
307 575 314 589 .
330 525 459 589 ,ἔπειτα
488 527 559 603 περί
588 529 644 602 τῆς
676 525 857 603 ἐπιγραφῆς
886 524 994 598 εἰπεῖν,
1033 525 1083 587 καί
1112 524 1163 587 ἐπὶ
1193 522 1320 599 τούτοις

147 637 219 713 περὶ
243 637 339 697 ποῖον
364 631 450 709 είδος
475 631 626 707 ἀνάγεται
651 632 836 718 ῥητορικῆς·
862 635 962 693 ταῦτα
985 631 1046 708 γὰρ
1070 631 1105 694 ἐν
1129 631 1224 693 παντὶ
1247 643 1322 705 συγ-

146 741 304 820 γράμματι
328 740 495 817 ζητητέον·
536 737 622 802 οὕτω
651 739 711 816 γὰρ
740 739 946 816 σαφέστερον
975 738 1014 800 τὰ
1046 738 1161 815 ἐφεξῆς
1186 736 1321 814 καταμά-

147 854 268 926 θοιμεν.
309 847 344 910 V.
364 847 407 912 lo.
425 846 520 912 Sieel.
541 865 620 909 eom.
641 847 671 908 in
690 845 840 926 Her-mog.
859 843 902 907 id.
921 844 999 908 ibid.
1018 845 1079 907 vol.
1094 843 1138 907 Vl
1156 865 1185 930 p.
1201 843 1244 908 63
1257 861 1322 923 sq.:

148 956 218 1019 ἐπεὶ
252 955 287 1017 δὲ
316 955 484 1030 μεθοδικόν
514 953 551 1016 τό
581 953 767 1030 τεχνίτευμα
797 954 848 1015 καὶ
877 955 1045 1030 προσῆκον
1073 952 1117 1028 είς
1141 952 1323 1030 σαφήνειαν

147 1061 371 1139 προεκθέσθαι,
408 1061 519 1138 ὥσπερ
549 1059 621 1122 τινὰ
647 1059 938 1137 προλαμβανόμενα
962 1062 1018 1135 τῆς
1042 1062 1207 1139 μουσικῆς,
1243 1059 1322 1136 φέρε

147 1169 186 1231 τὰ
214 1168 278 1245 πρὸ
308 1167 430 1243 παντὸς
464 1169 688 1229 κανονιστικοῦ
721 1166 842 1259 βιβλίου
874 1166 1020 1242 λήμματα
1050 1166 1320 1243 προζητήσωμενΙ

148 1273 168 1338 ἅ
198 1275 279 1338 εἰσιν
312 1273 330 1336 ὁ
360 1273 495 1350 σκοπός,
525 1273 563 1336 τὸ
586 1272 752 1350 χρήσιμον,
786 1273 823 1335 τὸ
847 1273 993 1350 γνήσιον,
1021 1271 1040 1348 ή
1066 1271 1150 1335 αἰτία
1173 1275 1231 1350 τῆς
1256 1272 1321 1335 ἐπι·
1368 1359 1370 1364 ,

146 1383 284 1460 γραφῆς,
308 1381 327 1458 ἡ
351 1379 437 1457 τάξις
462 1383 518 1458 τῆς
543 1378 773 1455 ἀναγνώσεως,
798 1378 816 1441 ὁ
841 1379 1066 1456 διδασκαλικὸς
1084 1378 1215 1460 τρόπος,
1240 1377 1321 1456 ἡείς

147 1487 187 1551 τὰ
210 1488 371 1566 κεφάλαια
395 1487 561 1566 διαίρεσις,
587 1487 637 1549 καί
660 1486 679 1562 ἡ
704 1484 768 1548 ὑπὸ
792 1489 889 1548 ποῖον
914 1485 1010 1563 μέρος
1037 1487 1093 1561 τῆς
1120 1485 1322 1563 φιλοσοφίας

148 1593 301 1672 ἀναφορά
316 1613 379 1657 κτε.
414 1592 542 1678 Syriani
560 1590 854 1671 (Phoebammonis)
873 1591 1018 1673 prolegg.
1036 1592 1067 1655 in
1084 1592 1234 1674 Hermog.
1251 1594 1323 1669 περὶ

148 1702 242 1765 ἰδεῶν
258 1699 336 1764 ibid.
356 1699 417 1763 vol.
433 1698 492 1762 Vll
509 1701 524 1761 1
543 1719 574 1781 p.
588 1698 631 1762 99
649 1698 753 1776 (roll
774 1719 803 1780 p.
821 1698 882 1761 108
901 1697 1020 1776 Rabe):
1045 1697 1202 1777 ἁψώμεθα
1214 1700 1249 1762 δὲ
1265 1702 1322 1777 τῆς

149 1808 359 1884 ὑποκειμένης
372 1805 588 1884 πραγματείας
602 1805 694 1883 μικρὰ
707 1805 866 1882 πρότερον
880 1805 1100 1882 διαλεχθέντες
1113 1807 1185 1883 περὶ
1197 1809 1253 1882 τῆς
1264 1809 1322 1868 τοῦ

149 1915 271 1993 βιβλίου
294 1913 505 1991 προθεωρίας.
544 1916 593 1974 δεῖ
608 1912 669 1990 γὰρ
693 1912 832 1974 ἐνταῦθα
855 1915 971 1990 Ζητεῑν,
996 1912 1016 1973 ἃ
1041 1914 1323 1989 πολυπραγμονεῖν

148 2019 223 2097 ἔθος
241 2021 291 2084 ἐπὶ
312 2021 435 2097 παντὸς
457 2019 577 2098 βιβλίου
603 2019 741 2096 μάλιστα
757 2023 970 2097 τεχνικοῦ...
986 2018 1102 2095 Ζητεῑν
1119 2017 1179 2082 οὖν
1195 2020 1322 2096 ὑπερθέ-

148 2115 237 2205 μενοί
253 2128 395 2204 περὶτοῦ
409 2129 534 2190 σκοποῦ
547 2129 617 2202 τοῖς
631 2126 852 2203 ἐνισταμένοις
865 2125 947 2203 πρὸς
961 2126 1018 2202 τῆν
1032 2125 1213 2204 ἐπιγραφήν
1226 2124 1321 2190 ἀπαν·

148 2234 307 2312 τήσυιμεν.
335 2233 483 2314 Prolegg.
497 2235 562 2295 τῶν
579 2233 729 2296 στάσεων
745 2231 822 2296 ibid.
838 2253 868 2315 p.
884 2233 937 2310 λῖς
955 2231 1033 2295 ibid.
1048 2252 1077 2315 p.
1090 2233 1147 2295 40:
1165 2231 1234 2295 Ἐπί
1247 2253 1323 2296 παν-

150 2342 207 2417 τὸς
224 2341 260 2403 δὲ
277 2341 410 2421 βιβλίου,
436 2341 486 2402 καὶ
502 2338 640 2416 μάλιστα
657 2342 813 2419 τεχνικοῦ,
838 2342 886 2401 δεῖ
903 2339 941 2401 τὰ
956 2339 989 2404 ἓξ
1006 2342 1106 2402 ταῦτα
1128 2343 1234 2416 Ζητεῑν
1257 2343 1323 2402 κτλ.

150 2449 186 2510 ln
206 2447 310 2511 Procli
329 2444 565 2511 commentariis
582 2445 624 2508 ad
639 2445 783 2510 Platonis
807 2444 953 2527 dialogos
977 2445 1104 2528 seriptis
1129 2465 1189 2508 non
1214 2466 1323 2510 omnes

147 2553 220 2618 illas
237 2560 345 2638 partes
362 2554 493 2617 tractari
506 2553 618 2616 mirum
634 2563 769 2617 nonest.
799 2553 1038 2634 Prolegomerra,
1053 2572 1115 2634 qua
1128 2553 1323 2643 proprietate

149 2668 217 2724 erat
234 2661 387 2744 seriptum
411 2658 623 2740 tractandum,
649 2658 769 2742 aliquid
786 2661 869 2723 inter
886 2679 919 2723 se
938 2658 1071 2723 dillerre
1091 2658 1154 2724 diei
1172 2661 1226 2724 vix
1244 2680 1323 2743 opus

148 2773 207 2832 est.
232 2767 269 2830 In
283 2768 510 2832 commentario
526 2767 559 2830 in
575 2767 717 2830 Platonis
731 2766 974 2849 Rempublioam
988 2767 1108 2849 scripto
1125 2767 1320 2850 prooemium

148 2873 179 2936 in
204 2880 325 2956 septem
352 2881 459 2956 partes
484 2871 653 2937 dividitur:
682 2873 817 2952 σκοπός,
843 2873 950 2948 λόγων
975 2871 1073 2950 είδος,
1098 2871 1169 2952 ὕλη,
1195 2879 1322 2936 ceterae

150 2986 257 3064 partes
281 2979 409 3064 proprie
433 2979 476 3042 ad
501 2979 743 3063 Rempublieam
769 2980 944 3061 pertinent:
970 2980 1130 3044 διελέσθαι
1153 2980 1211 3057 τὰς
1236 2982 1322 3043 πολι-

148 3087 234 3163 τείας
253 3135 305 3150 ...
323 3088 370 3165 (4)
387 3086 488 3150 εἰπεῖν
505 3087 584 3164 ὑπὲρ
601 3090 658 3163 τῆς
676 3086 772 3163 ποίας
792 3087 882 3149 ἐστίν
899 3085 986 3169 αὐτῷ
1008 3087 1170 3164 πολιτείας
1188 3086 1206 3149 ὁ
1224 3086 1321 3164 λόγος

150 3195 266 3272 ...(5)
291 3197 432 3257 κατιδεῖν
454 3193 480 3256 εἰ
504 3194 558 3269 μία
582 3193 683 3270 μόνον
707 3194 725 3270 b
751 3195 800 3256 καὶ
825 3194 953 3272 πολλαί,
983 3195 1033 3257 καὶ
1058 3194 1085 3257 εἰ
1107 3194 1236 3274 πολλαί,
1266 3194 1322 3257 πό-

148 3315 202 3364 σαι
227 3301 279 3362 καί
301 3300 429 3378 τίνες..
446 3299 512 3380 ,(6)
538 3300 629 3363 ἕκτον
654 3299 753 3376 αὐτὴν
776 3301 873 3363 πάλιν
898 3302 955 3378 τῆν
981 3301 1182 3378 ἑγκριθεῖσαν
1204 3301 1320 3364 θεάσα-

148 3412 222 3470 σθαι
246 3410 402 3484 ποσαχῶς
427 3407 525 3485 αὐτὸς
549 3405 632 3472 ἀξιοῖ
645 3395 785 3469 Πλάτων
807 3407 890 3484 ἡμᾶς
915 3407 1017 3485 δρᾶν.
1033 3456 1040 3470 .
1056 3455 1062 3470 .
1081 3408 1128 3486 (7)
1154 3409 1212 3484 τήν
1232 3405 1271 3470 δι’
1291 3407 1322 3470 ὁ-

149 3517 207 3576 λου
240 3517 298 3576 τοῦ
331 3513 579 3600 συγγράμματος
612 3514 792 3591 διήκουσαν
826 3519 892 3577 τῶν
929 3515 1098 3592 δογμάτων
1128 3513 1322 3578 ἀκολουθίαν

104 3615 106 3622 ’
148 3619 201 3683 ὑπ’
233 3617 311 3696 ὄψιν
339 3619 481 3696 ἀγαγεῖν.
518 3620 580 3684 vol.
606 3621 620 3682 l
645 3620 715 3704 pb
741 3619 840 3683 Kroll.
881 3620 925 3683 x[n
953 3621 1181 3685 commentario
1211 3620 1242 3683 in
1268 3620 1320 3684 Ti-

149 3745 272 3790 maeum
289 3728 408 3810 scripto
426 3734 604 3791 tractantur
620 3727 754 3804 σκοπός,
772 3725 869 3807 εἶδος,
887 3727 1059 3808 ὑπόθεσις;
1085 3725 1201 3790 deinde
1219 3728 1321 3812 prius-

149 3851 243 3913 quam
274 3832 316 3896 ad
341 3832 468 3916 singula
497 3833 742 3916 transgreditur,
777 3832 853 3914 quid
884 3855 945 3897 vox
979 3834 1112 3913 φύσεως
1146 3834 1321 3916 significet,

149 3938 277 4004 disserit
302 3940 443 4004 Proelus.
490 3939 528 4002 ln
552 3940 778 4004 commentario
803 3941 835 4002 in
850 3939 993 4004 Euolidis
1010 3941 1178 4004 Elementa
1202 3940 1322 4025 seripto

149 4045 228 4110 dieit
251 4047 284 4109 in
308 4047 442 4131 prologo
466 4046 567 4110 altero
592 4044 632 4110 de
657 4047 789 4111 oonsilio
814 4047 964 4126 (σκοπός)
991 4054 1022 4111 et
1053 4047 1124 4111 libri
1149 4049 1322 4130 partitione

151 4153 183 4232 (ἡ
207 4153 252 4230 εἰς
277 4153 355 4232 νέον
380 4156 484 4233 τομή).

258 4259 323 4324 Sed
350 4259 428 4324 baec
453 4259 617 4324 haetenus.
665 4259 804 4325 Maxime
827 4268 936 4325 nostra
960 4262 1112 4325 intererat
1136 4261 1322 4342 intellegere

150 4365 331 4450 pbilosopbi
367 4368 479 4431 miram
516 4365 674 4447 quandam
711 4375 811 4432 artem
848 4366 1027 4432 disserendi
1064 4375 1095 4431 et
1132 4365 1322 4451 disponendi

150 4472 312 4556 propriam
337 4492 421 4553 esse3
447 4492 545 4554 quare
569 4472 699 4552 accidit,
725 4481 758 4537 ut
782 4473 851 4538 sive
875 4473 916 4537 ad
940 4481 1161 4556 argumentum
1185 4473 1254 4538 sive
1279 4472 1320 4536 ad
