3118 5044
736 297 910 352 ..34-

344 476 470 543 Mediae
492 474 679 542 ¹comoediae
703 481 870 558 poetarum
890 495 1018 540 nomina
1030 473 1230 561 Antiphanes
1253 483 1286 540 et
1298 475 1414 540 Alexis

238 580 449 650 Kroebnertio
483 591 565 650 teste
599 583 643 667 (p.
665 588 720 661 28)
753 581 908 664 nusquam
942 583 1019 648 alibi
1050 583 1251 702 reperiuntur
1283 579 1344 648 nisi
1378 583 1411 647 in

237 680 400 758 laterculis
423 697 456 757 et
479 691 565 777 apud
589 709 793 774 anonymum.

216 865 218 869 .
344 797 465 864 Eodem
496 797 634 880 denique
663 796 818 878 singulari
848 816 1002 863 consensu
1033 817 1136 863 novae
1166 762 1331 882 poetarum
1364 797 1413 862 in·

237 904 325 973 dices
349 924 419 970 esse
446 905 662 986 unusquisque
686 901 889 968 disceret
833 923 874 986 po
876 908 939 968 test
965 922 983 968 e
1012 909 1186 988 conspectu
1213 904 1405 969 testimonio·

239 1035 318 1099 rum,
343 1033 437 1096 quem
462 1012 692 1079 Kroehnertius
716 1032 746 1096 p.
764 1012 806 1077 28
818 1032 865 1094 sq.
890 1011 1078 1096 composuit.

344 1121 435 1199 Quae
458 1140 529 1186 eum
553 1120 600 1183 ita
622 1120 698 1199 sint,
732 1119 923 1183 comicorum
949 1118 1076 1201 quidem
1105 1118 1228 1185 indicos
1253 1135 1409 1184 canonum

236 1230 424 1315 scriptorem
441 1228 577 1293 eProcli
594 1224 845 1293 obrestomathia
862 1227 1035 1311 sumpsisse
1052 1247 1145 1293 nemo
1162 1247 1224 1292 non
1242 1223 1409 1292 concedet.

346 1333 412 1401 Sed
435 1335 468 1398 in
492 1332 685 1398 comicorum
710 1331 818 1398 indice
835 1320 1009 1398 consistere
1025 1353 1088 1398 non
1108 1333 1194 1413 licet,
1219 1333 1410 1422 quippequi

236 1441 316 1508 nihil
338 1443 381 1508 sit
403 1439 464 1506 nisi
488 1439 662 1505 membrum
691 1440 788 1504 totius
818 1439 921 1504 seriei.
972 1440 1036 1504 lam
1061 1439 1294 1505 Kroebnertius
1317 1457 1348 1524 p.
1359 1440 1409 1508 Γ13

237 1548 389 1632 cognovit
413 1547 445 1611 in
468 1546 587 1613 tabulis
612 1546 704 1611 binas
732 1553 840 1630 partes
864 1544 1111 1628 distinguendas
1135 1566 1215 1613 esse.
1262 1545 1408 1612 Tabulae

236 1655 267 1719 M
291 1656 378 1740 prior
401 1673 475 1740 pars
500 1653 670 1736 (l—Vlll)
695 1672 765 1718 curn
791 1655 966 1737 posteriore
990 1652 1120 1718 tabulae
1144 1653 1169 1718 G
1194 1653 1408 1733 (vll-XIV)

237 1762 399 1844 congruit3
434 1761 468 1825 in
495 1768 628 1843 utraque
654 1761 736 1824 enim
762 1779 952 1842 quamquam
977 1781 1038 1826 non
1063 1759 1175 1826 eodem
1200 1760 1311 1825 ordine
1334 1775 1409 1825 enu-

237 1874 399 1933 merantur
422 1868 515 1952 epici,
541 1868 680 1946 iambici,
705 1867 832 1950 tragici,
857 1855 981 1950 comici,
1006 1867 1152 1951 elegiaci,
1177 1868 1282 1952 lyrici,
1305 1873 1408 1934 orato·

143 2056 145 2060 ι
236 1994 297 2050 res,
333 1973 487 2040 historici.
539 1973 646 2054 Atque
684 1973 766 2039 bano
802 1971 930 2056 quidem
967 1982 1090 2059 partem
1125 1996 1159 2040 re
1194 1996 1271 2041 vera
1311 1993 1408 2041 unum

235 2080 365 2146 efficere
389 2081 449 2174 ¹rel
478 2079 553 2145 inde
582 2088 728 2164 apparet,
763 2079 847 2162 quod
876 2102 986 2147 omnes
1018 2080 1142 2147 indices
1171 2081 1284 2147 eodem
1313 2079 1408 2145 modo

236 2185 438 2252 inducuntur.
485 2186 613 2269 Ubique
637 2205 756 2268 genera
779 2187 906 2270 singula
930 2208 1005 2253 casu
1035 2189 1231 2254 nominativo
1261 2187 1408 2254 adhibito

235 2294 455 2377 significantur
486 2300 520 2360 ct
549 2313 697 2358 numerus
725 2301 890 2376 poetarum
922 2294 1062 2378 additur,
1095 2296 1183 2360 velut
1216 2296 1352 2373 Ποιηταὶ
1380 2295 1408 2376 ἓ,

235 2399 381 2480 Ἰαμβικοὶ
404 2399 437 2484 i,
461 2401 706 2484 Τραγῳδοποιοὶ
733 2399 758 2464 ἓ.
794 2402 831 2464 In
855 2401 958 2466 altera
982 2408 1086 2467 autern
1112 2401 1291 2467 tabularum
1316 2413 1409 2487 parte

235 2506 319 2572 tituli
352 2507 494 2592 pluribus
526 2507 633 2573 verbis
666 2508 885 2591 exprimuntur
918 2508 1020 2572 velut:
1060 2507 1156 2573 Ὅσοι
1189 2511 1407 2589 γραμματικοί,

237 2612 333 2678 Ὅσοι
356 2617 429 2694 περὶ
452 2615 684 2697 ὀρθογραφίας,
719 2614 822 2679 Πίναξ
846 2617 911 2678 τῶν
937 2614 973 2678 ἐν
1003 2615 1124 2700 ἰατρικῇ
1149 2615 1408 2703 διαπρεψάντιιιν,

237 2721 291 2788 Ἐν
308 2725 343 2788 δὲ
358 2730 396 2807 τῇ
414 2724 597 2805 φιλοσοφίᾳ
615 2722 771 2801 ἔπρεψαν.
808 2723 981 2787 Praeterea
996 2722 1130 2805 indices,
1155 2723 1210 2806 qui
1232 2723 1281 2788 bis
1306 2724 1409 2789 titulis

236 2830 445 2913 subiciuntur,
471 2831 511 2894 ab
536 2829 600 2894 illis
624 2835 691 2893 toto
716 2829 806 2894 caelo
831 2828 961 2894 distant.
1002 2831 1070 2895 Iam
1095 2850 1171 2896 vero
1195 2832 1231 2912 is,
1258 2829 1312 2912 qui
1336 2829 1408 2912 illas

236 2942 345 3020 partes
363 2941 574 3020 congruentes
591 2935 773 3020 perlegerit,
791 2937 898 3001 statim
915 2935 1150 3001 animadvertet
1167 2944 1280 3022 poetas
1297 2953 1408 3002 earun-

237 3041 310 3106 dem
335 3044 441 3128 poesis
464 3042 642 3126 specierum
668 3043 854 3124 enumerari.
880 3062 963 3123 quae
987 3043 1019 3106 in
1034 3042 1140 3108 Procli
1158 3041 1409 3110 cbrestomatbia

235 3155 413 3216 tractantur
439 3148 500 3214 hoc
524 3148 650 3214 ordine:
684 3148 779 3234 epici,
810 3149 956 3231 elegiaci,
985 3148 1125 3232 iambici,
1157 3149 1260 3233 lyrici,
1291 3151 1408 3232 tragici

236 3255 361 3321 comici.
409 3255 576 3322 Oratorum
608 3261 731 3320 tantum
762 3264 794 3320 et
822 3254 1043 3320 historicorum
1072 3255 1105 3321 in
1137 3255 1292 3338 reliquiis,
1326 3277 1408 3338 quae

235 3363 340 3428 Procli
369 3383 484 3428 nomen
511 3382 589 3447 prae
620 3381 654 3427 se
687 3361 805 3443 ferunt,
834 3360 972 3456 vestigia
996 3383 1059 3426 non
1082 3363 1295 3428 inveniuntur.
1342 3363 1409 3428 Sed

238 3467 402 3534 videamus
437 3467 596 3552 quomodo
630 3467 754 3534 indicos
789 3468 850 3553 ipsi
886 3488 958 3533 oum
997 3468 1160 3534 laterculis
1197 3469 1406 3535 consentiant.

235 3577 442 3663 Epicurum
468 3579 647 3660 (poetarum
675 3572 743 3640 κατ’
768 3576 895 3654 ἐξοχὴν)
918 3576 950 3640 in
974 3575 1062 3640 tabb.
1089 3581 1121 3640 et
1144 3597 1164 3640 a
1190 3576 1302 3642 Proolo
1333 3596 1408 3661 pen-

238 3691 288 3749 tas
311 3683 367 3749 illa
391 3690 609 3749 enumeratur:
643 3683 809 3766 Homerus,
841 3681 1010 3762 Hesiodus,
1039 3681 1206 3765 Pisander,
1239 3683 1408 3767 Panyasis,

234 3794 456 3877 Antimachus,
494 3794 548 3876 qui
583 3792 681 3859 index
717 3794 749 3858 in
785 3793 930 3858 omnibus
962 3793 1101 3858 Tzctzae
1136 3795 1265 3879 scriptis
1298 3813 1408 3858 occur·

234 3901 284 3966 rit.
332 3901 454 3969 Notatu
483 3909 532 3968 est
555 3897 702 3984 dignumx
724 3902 833 3986 epicos
860 3901 892 3964 in
924 3900 1041 3965 tabulis
1064 3899 1253 3985 simpliciter
1279 3903 1408 3979 ποιηταί

235 4009 355 4091 vocari,
380 4009 431 4073 oui
455 4007 650 4094 respondent
674 4008 760 4093 apud
774 4008 924 4073 Tnetzam
942 4007 1042 4073 verba
1059 4007 1089 4071 οἱ
1105 4004 1172 4071 κατ’
1190 4007 1304 4086 ἐξοχὴν
1321 4009 1409 4085 λεγό·

235 4135 324 4195 μενοι
347 4117 476 4195 ποιηταί
502 4124 534 4182 et
556 4114 674 4181 similia
687 4120 708 4180 ¹.
757 4114 961 4180 eonferenda
985 4121 1067 4196 sunt,
1093 4134 1175 4196 quae
1195 4112 1236 4178 de
1252 4117 1409 4200 epopoeia

234 4222 320 4307 apud
333 4222 482 4288 Photium
505 4229 618 4288 extant
641 4223 916 4308 p.230,12sqq.:
941 4222 981 4285 Οἳ
1005 4221 1041 4285 δέ
1064 4235 1177 4302 φασιν,
1202 4220 1252 4285 ὅτι
1275 4221 1327 4286 διὰ
1350 4224 1409 4299 τὴν

342 4452 353 4490 ¹
372 4453 416 4508 Cf.
435 4453 670 4508 Kroebnsrtium
691 4470 718 4523 p.
734 4452 766 4505 19
777 4467 820 4522 sq.
840 4452 919 4520 adn,
939 4451 1111 4520 Kayserum
1132 4467 1158 4520 p.
1173 4451 1217 4505 67.
