3118 5044
624 323 799 378 ..53-

127 502 243 566 ceteris
276 503 307 566 in
340 503 434 568 rebus
462 503 763 587 propinquissimum
793 505 891 570 fuisso
923 506 987 568 veri
1012 515 1060 570 cst
1089 506 1226 580 simile¹‚
1258 525 1296 570 eo

127 611 324 694 potissimum
349 611 506 695 peccavit,
537 610 623 693 quod
647 612 820 677 enarrativi
845 612 914 696 puri
940 613 1091 694 carmina,
1116 632 1198 695 quae
1223 633 1295 697 epo·

128 719 222 804 poeia
239 719 415 800 ceterisque
435 719 498 783 iam
515 719 725 800 continentur,
750 719 945 802 segregavit.
993 719 1080 785 Satis
1103 729 1173 785 erat
1196 741 1297 804 genus

127 828 340 892 enarrativum
366 827 521 910 exemplis
544 827 678 908 singulis
701 827 876 907 illustrare3
901 827 1037 892 seduno
1054 827 1208 910 graduid
1225 847 1295 892 cum

127 933 284 1019 epopoeia
301 934 478 1016 ceterisque
496 953 624 1018 ponere,
649 933 773 1018 species
790 954 860 998 cum
877 935 1058 1017 generibus,
1083 955 1144 999 non
1167 935 1296 1000 licebat.

127 1044 257 1108 Summo
292 1041 390 1124 igitur
424 1041 492 1106 iure
528 1042 688 1107 Usenerus
724 1041 889 1107 Diomedis
923 1041 1054 1108 schema
1092 1041 1298 1127 reprehendit

127 1152 171 1233 (p.
189 1149 339 1231 616sq.):
372 1149 460 1213 Ahcr
485 1149 553 1214 hier·
576 1149 707 1213 handelt
733 1169 767 1214 es
792 1149 860 1215 sich
885 1148 1060 1233 durchweg
1083 1170 1135 1213 um
1161 1149 1297 1215 Formen

127 1255 185 1320 der
209 1255 426 1339 Darstellung,
463 1275 524 1320 von
555 1254 697 1320 welchen
726 1255 801 1340 jede
826 1255 1061 1338 Dichtungsart
1085 1255 1299 1340 Anwendung

127 1362 262 1428 arachen
297 1361 393 1426 kann.
445 1361 513 1428 Nur
547 1362 779 1428 verkndcherte
812 1362 1058 1429 Schulweisheit
1091 1362 1211 1428 konnte
1246 1362 1299 1427 die

127 1470 332 1536 Platonische
357 1469 542 1552 Einteilung
566 1470 653 1534 einer
677 1469 927 1536 Kiassifikation
951 1469 1009 1534 der
1027 1468 1298 1552 Dichtungsarten

128 1576 290 1665 zugrunde
328 1578 431 1661 legen.
491 1577 556 1641 Der
589 1576 731 1643 Versuch
769 1587 886 1648 musstc
920 1598 955 1643 so
990 1577 1197 1660 ungluckiich
1230 1597 1298 1644 aus·

128 1688 236 1766 fallen,
262 1685 322 1749 wie
347 1705 381 1750 er
404 1683 684 1767 ausgefallenist3
710 1704 748 1750 cs
772 1692 917 1768 genttgt
940 1685 1005 1748 auf
1029 1684 1089 1749 dic
1106 1684 1300 1768 Stellung

128 1795 194 1860 der
218 1793 356 1876 Elegio
379 1790 640 1856 animerksam
664 1811 706 1855 nn
730 1791 907 1874 macheu,
944 1790 1005 1856 die
1029 1790 1147 1858 schon
1171 1790 1209 1855 in
1232 1790 1300 1856 der

129 1901 292 1966 nwciton
327 1898 500 1981 Gattung
533 1897 758 1981 (Theognis)
792 1905 996 1963 vertreten
1028 1899 1088 1963 ist.
1142 1897 1235 1976 Quod
1266 1899 1299 1963 in

9 2019 10 2024 ’
130 2006 285 2072 Diomede
309 2003 516 2090 reprehendit
540 2004 701 2070 Usenerus
724 2007 898 2072 mutatione
922 2006 1035 2070 suain
1060 2006 1219 2088 Procium,
1245 2006 1299 2089 qui
1374 2065 1379 2074 .

129 2113 278 2180 mendum
313 2111 394 2177 illud
430 2112 554 2193 vitavit,
590 2112 758 2193 transfert3
795 2132 893 2193 quare
928 2132 998 2178 earn
1036 2133 1075 2178 ne
1104 2113 1301 2198 accipiamus

130 2221 325 2287 cavebimus.

236 2329 266 2392 3.
315 2328 351 2390 Ιο
384 2325 542 2391 anecdoto
577 2326 704 2391 Estensi
740 2327 846 2411 poesis
878 2325 1118 2392 characteribus
1153 2329 1301 2393 tractatis

130 2434 170 2499 de
203 2435 304 2500 tribus
331 2432 459 2498 dicendi
487 2433 657 2516 generibus
685 2432 861 2506 disseritur,
898 2433 983 2516 quod
1012 2441 1108 2519 caput
1136 2433 1302 2518 Kayserus

129 2563 186 2608 suo
202 2543 271 2606 iure
287 2561 358 2606 cum
375 2542 423 2621 iis,
441 2561 524 2622 quae
538 2541 669 2605 Procius
687 2540 747 2605 hac
763 2540 803 2605 dc
820 2561 854 2605 re
870 2540 1013 2623 exhibet,
1029 2551 1207 2625 comparat,
1226 2540 1301 2624 quin

130 2649 290 2715 etiameo
314 2647 532 2712 intercedente
546 2647 733 2732 Byzantinis
756 2646 908 2712 traditum
933 2668 1004 2714 esse
1021 2655 1139 2712 censet.
1179 2647 1301 2713 Tamen

130 2759 161 2820 in
185 2753 235 2833 iis,
261 2774 344 2838 quae
366 2753 407 2820 dc
424 2754 694 2820 chrestomathiae
712 2755 818 2838 capite
831 2754 1047 2842 Immischium
1064 2754 1301 2834 secutus-dicit,

130 2863 277 2930 assentiri
313 2863 343 2926 ei
377 2883 440 2927 non
476 2882 614 2946 possum.
678 2853 846 2927 Procliana
884 2870 995 2927 extant
1029 2861 1115 2947 apud
1151 2862 1301 2927 Photium

131 2995 160 3058 p.
178 2974 253 3050 229,
272 2973 312 3037 10
322 2992 390 3055 sqq.
417 2978 449 3036 ct
478 2971 510 3036 in
541 2970 670 3037 scholiis
694 2971 953 3036 Londinensibus
977 2992 1008 3056 p.
1024 2972 1101 3054 449,
1119 2972 1161 3036 26
1174 2991 1243 3054 sqq.
1261 2971 1301 3036 H.

339 3117 474 3182 Photius
856 3159 858 3168 ·
941 3114 1094 3180 scholium

174 3227 225 3290 καὶ
258 3225 307 3289 ὅτι
339 3229 396 3290 τοῦ
429 3224 618 3302 πλάσματος
651 3225 688 3296 τὸ
789 3225 966 3302 ποιήματος
991 3222 1163 3300 πλάσματα
1191 3223 1302 3307 ἁδρόν,

130 3334 187 3412 μέν
211 3333 300 3397 ἐστιν
323 3333 447 3414 ἰσχνόν,
471 3334 509 3396 τὸ
526 3331 688 3412 disibodo,
745 3331 868 3411 ἰσχνόν,
893 3330 1036 3409 ἀνθηρὸν
1060 3332 1096 3394 τὸ
1117 3331 1167 3393 καὶ
1185 3331 1300 3408 μέσον·

130 3442 167 3504 τὸ
192 3441 226 3503 δὲ
251 3439 353 3518 μέσον
377 3441 427 3504 καὶ
450 3432 488 3505 τὸ
512 3441 569 3518 μὲν
588 3438 690 3517 ἁδρὸν
745 3439 844 3517 ἁδρὸν
877 3439 915 3502 τὸ
944 3439 1115 3516 διηρμένον
1144 3438 1229 3522 ὄγκῳ
1257 3445 1302 3524 τῷ

131 3547 425 3624 έκπληκτικώτατόν
450 3548 518 3611 ἐστι
537 3549 587 3610 καὶ
604 3567 689 3612 κατε·
745 3546 824 3610 κατὰ
867 3545 984 3626 φύσιν,
1031 3544 1101 3610 οἷον
1145 3545 1301 3629 <Ν126>

107 3654 353 3732 ὀσκευασμένον
379 3653 517 3732 μάλιστα
546 3657 596 3719 καὶ
624 3677 690 3721 ποι·
745 3653 854 3733 “Ἀμφὶ
884 3655 911 3717 δ’
943 3649 994 3731 ἄρ’
1019 3651 1156 3731 Αἴαντας
1192 3654 1327 3733 δοιοὺςι

130 3762 240 3840 ητικόν
264 3762 423 3841 ἐμφαῖνον
442 3762 575 3840 κάλλος·
601 3764 690 3827 τὸδὲ
744 3762 878 3826 ἵσταντο
902 3761 1067 3840 φάλαγγες
1075 3757 1093 3824 ’.
1129 3759 1243 3838 ἰσχνὸν
1267 3760 1304 3824 τὸ

131 3869 244 3949 ἰσχνὸν
277 3871 336 3947 τήν
363 3870 517 3947 τροπικὴν
550 3871 607 3947 μὲν
639 3871 690 3935 καὶ
746 3869 1006 3946 συνεσταλμένον
1036 3867 1121 3954 ὄγκῳ
1151 3872 1196 3950 τῷ
1225 3865 1305 3930 κατὰ

130 3976 409 4056 φιλοκατάσκευον
426 3976 579 4042 σύνθεσιν
600 3997 690 4055 μετα·
746 3975 857 4056 φύσιν,
887 3975 958 4039 οἷον
992 3974 1038 4056 <Λ
1059 3974 1144 4056 269>
1178 3973 1240 4050 ’ὡς
1275 3969 1302 4036 δ’

131 4083 246 4166 διώκει,
287 4084 319 4151 ἐξ
347 4083 524 4163 ἀνειμένων
552 4084 588 4147 δὲ
616 4087 691 4163 μᾶλ-
746 4082 793 4147 ὅτ’
823 4083 863 4148 ἂν
887 4082 1072 4146 ὠδίνουσαν
1102 4081 1158 4165 έχῃ
1184 4077 1304 4161 βέλος.

130 4391 184 4441 καὶ
206 4387 420 4453 Φωκυλίδης.
458 4385 506 4440 Ad
525 4387 654 4440 ἐποποιοί
674 4387 711 4440 cf.
730 4386 901 4454 Kayserum
923 4402 950 4454 p.
964 4386 1007 4438 67.

1549 4033 1550 4076 i

1548 4079 1550 4116 ι

1548 4187 1550 4274 i

130 4298 296 4364 διήγησιν
315 4300 333 4363 ἢ
354 4301 410 4351 καὶ
430 4298 559 4363 ἠθικὰς
577 4297 805 4359 συντιθέντες
824 4299 976 4361 γνὼμας.
1005 4294 1083 4359 οἶος
1102 4296 1144 4360 ῆν
1160 4295 1305 4358 Θέογνις
1548 4289 1550 4326 i

239 4475 250 4514 1
270 4478 306 4531 ct.
327 4477 495 4536 Usenerum
515 4476 532 4528 l.
553 4474 570 4529 l.
589 4493 618 4546 p.
633 4473 699 4543 615;
719 4473 888 4543 Kaysernm
909 4473 1002 4542 p.‚bl..
