3118 5044
740 251 913 306 ..25-

243 428 446 514 periodorum
471 431 664 513 singularum
691 437 787 516 poeta
810 431 975 518 particulis
998 433 1056 511 μὲν
1079 431 1139 496 οὖν
1162 430 1333 511 inducitur,
1371 431 1416 496 ef.

244 558 273 601 ν.
292 537 349 601 55:
369 537 566 617 Ἀντιφάνης
591 540 648 616 μὲν
671 538 731 603 οὖν
755 540 925 620 Στεφάνου
950 539 1118 618 Ἀθηναῖος
1133 586 1139 601 .
1155 586 1186 602 ..
1225 558 1255 601 ν.
1273 537 1331 602 66:
1358 537 1415 602 Φι-

245 644 354 722 λήμων
378 646 435 722 μἐν
459 643 519 709 οὖν
534 645 696 724 Δάμωνος
713 648 925 726 Συρακόσιος.
972 647 1023 710 llli
1047 648 1104 726 μὲν
1128 643 1298 728 respondet
1316 645 1417 728 parti·

245 750 317 815 cula
341 752 385 834 δέ,
410 773 473 834 qua
497 752 655 819 secundus
680 755 814 836 quisque
839 755 991 834 ailertur3
1017 755 1059 819 cl.
1084 775 1114 818 v.
1135 754 1193 816 20:
1219 750 1355 831 Μάγνης
1379 753 1418 815 δὲ

239 859 422 937 Ἀθηναῖος.
470 881 499 923 ν.
524 860 584 924 69:
619 861 809 940 Μένανδρος
845 864 881 926 δὲ
909 862 1105 937 Διοπείθους
1136 859 1205 936 υἱὸς
1232 859 1416 935 Ἀθηναῖος.

244 962 336 1040 Quod
361 966 387 1030 si
411 965 702 1043 animadvertimus,
727 970 821 1032 etiarn
847 969 1003 1049 lacunam,
1029 987 1110 1050 qrrae
1134 989 1164 1030 ν.
1183 966 1220 1029 16
1245 971 1319 1029 ante
1338 963 1417 1048 Epi-

245 1065 364 1130 charmi
390 1069 487 1136 vitam
514 1068 590 1150 hiat,
616 1077 650 1133 ut
674 1071 794 1134 monuit
807 1071 1053 1150 Briulrmannus
1078 1069 1208 1153 explere
1232 1088 1417 1152 possumus:

246 1173 461 1255 <Ἐπίχαρμος
479 1177 535 1252 μὲν
551 1175 610 1239 οὖν
623 1177 758 1256 Τιτύρου
775 1179 794 1255 ἢ
809 1177 950 1255 Χιμάρου
964 1175 1195 1258 Συρακόσιος),
1221 1175 1418 1257 Ἐπίχαρμος

244 1279 305 1343 iam
331 1282 537 1365 suppleverat
562 1283 759 1364 Dindorfius,
784 1284 984 1362 Συρακόσιος
1007 1284 1184 1348 Kaibelius.
1233 1284 1338 1350 Patris
1361 1306 1417 1349 no-

245 1407 327 1469 men,
352 1387 436 1470 quod
463 1411 523 1461 non
548 1389 661 1472 deluit,
686 1412 726 1456 ex
750 1389 852 1456 Suida
875 1393 1098 1477 sumpsimus1.

352 1495 395 1560 Ut
412 1495 460 1562 vel
478 1517 517 1560 ex
535 1497 613 1562 locis
629 1518 725 1582 snpra
745 1499 914 1582 exscriptis
934 1505 1078 1583 apparet,
1102 1497 1204 1576 κρίσις
1229 1498 1419 1576 ποιημάτων

244 1601 276 1666 in
294 1602 424 1667 comicis
447 1603 596 1670 notandis
620 1614 652 1670 et
676 1605 833 1689 eligendis
857 1607 1012 1670 maximas
1037 1613 1144 1689 partes
1166 1607 1245 1687 agit,
1270 1605 1302 1670 id
1330 1605 1417 1687 quod

246 1729 352 1775 rursus
376 1731 566 1795 anonymum
585 1711 625 1776 ad
646 1713 749 1778 Procli
767 1714 920 1797 scriptum
941 1712 1045 1777 redire
1063 1715 1128 1777 veri
1146 1713 1280 1777 similius
1296 1711 1414 1778 reddit

246 1817 359 1882 Merito
384 1820 466 1882 eninr
492 1821 692 1885 lmmischius
717 1821 824 1884 Plrotii
848 1821 954 1885 verbis
974 1820 1181 1899 διαλαμβάνει
1205 1821 1240 1884 δὲ
1268 1820 1417 1898 καὶπερὶ

245 1926 381 2004 κρίσεως
410 1928 598 2007 ποιήματος,
632 1927 667 1991 ἐν
701 1929 726 2011 ᾧ
754 1929 977 2005 παραδίδωσιν
1005 1927 1103 2005 ἤθους
1128 1929 1179 1990 καὶ
1202 1926 1327 2005 πάθους
1353 1933 1417 1992 δια-

246 2033 353 2112 φοράν
382 2035 470 2114 (230,
500 2039 588 2116 lsq.)
619 2037 788 2100 maximam
817 2035 881 2099 vim
911 2032 1000 2099 dedit
1025 2043 1057 2098 et
1080 2034 1322 2115 demonstravit,
1360 2035 1417 2100 illa

246 2138 370 2204 ratione
386 2145 484 2204 lotam
503 2137 784 2202 chrestomathiam
802 2135 1033 2202 aestimandam
1051 2156 1121 2201 esse
1138 2137 1203 2211 (1.1.
1220 2157 1251 2220 p.
1266 2136 1416 2219 246sq.);

246 2246 288 2310 cf.
323 2247 418 2310 etiam
451 2245 577 2309 Kaibeli
611 2244 756 2328 prolegg.
782 2246 952 2329 p>20sqrp
978 2250 1010 2307 et
1035 2244 1135 2325 30sq.
1184 2243 1219 2306 ln
1254 2263 1416 2327 anonymo

246 2352 358 2418 eadem
379 2350 543 2416 iudicandi
561 2351 657 2415 verba
677 2351 842 2416 sollemnia
859 2358 954 2432 atqrre
978 2352 1009 2414 in
1033 2349 1283 2415 clrrestomatlria
1305 2370 1414 2415 occur·

245 2469 327 2524 runt.
375 2460 508 2524 Confer:
1255 2517 1257 2524 ,

482 2587 575 2631 anon.
1006 2563 1106 2628 schol.
1132 2563 1264 2646 Dionys.

291 2695 320 2738 v.
341 2676 377 2737 11
391 2694 437 2756 sq.
464 2674 494 2738 oi
518 2675 573 2750 μὲν
598 2672 657 2737 οὖν
678 2677 736 2750 τῆς
752 2672 804 2751 άρ-
904 2692 934 2754 p.
953 2671 1027 2752 303,
1045 2671 1209 2753 36-304,
1227 2671 1247 2734 5
1272 2669 1331 2749 ὕλη
1356 2672 1418 2750 γὰρ

246 2783 339 2860 χαίας
374 2782 542 2865 κωμῳδίας
579 2781 707 2858 ποιηταί
745 2780 804 2858 οὐχ
859 2783 1024 2856 ποιητικῆς
1043 2781 1174 2856 μῦθος,
1198 2779 1345 2857 μέτρον,
1365 2780 1418 2842 λέ-

247 2889 473 2966 ὑποθὲσεως
498 2887 668 2967 ἀληθοῦς
693 2891 758 2951 κτλ.
859 2894 929 2969 ξις,
962 2888 1130 2965 ἱστορία,
1164 2889 1324 2962 γλῶσσα
1356 2887 1419 2949 καὶ

859 2996 1009 3059 τούτων
1042 2994 1224 3072 τεχνίτης
1255 2993 1273 3056 δ
1299 3014 1418 3071 γραμ-

860 3103 1030 3181 ματικός.
1054 3121 1055 3127 ’
1079 3101 1182 3179 Κρίνει
1209 3103 1244 3164 δὲ
1273 3099 1340 3183 [ὡς]
1368 3100 1418 3181 οὐ,

859 3212 999 3288 πότερον
1032 3208 1143 3285 αὐτοῖς
1174 3211 1280 3286 καλῶς
1307 3209 1419 3286 γέγρα·

859 3339 934 3382 πται
965 3318 984 3394 ἢ
1018 3315 1066 3391 οὔ,
1101 3314 1184 3378 ἀλλὰ
1211 3319 1303 3378 ποῖα
1331 3313 1419 3379 ἀνό·

860 3446 951 3504 μοια
978 3425 1038 3488 καὶ
1066 3426 1161 3486 ποῖα
1188 3421 1319 3498 ὅμοια,
1355 3422 1419 3485 καί

860 3537 953 3597 ποῖα
975 3532 1071 3595 νάθα
1092 3534 1167 3595 τῶν
1190 3530 1419 3607 ποιημάτων

861 3642 921 3705 καί
945 3643 1036 3702 ποῖα
1053 3638 1205 3715 γνήσια.
1242 3636 1419 3714 Κρίνεται

294 3768 322 3810 ν.
341 3747 383 3810 2ss
408 3746 520 3822 γέγονε
544 3747 579 3809 δὲ
602 3746 805 3823 ποιητικώτα-
862 3749 903 3811 δὲ
925 3747 944 3823 ἡ
969 3746 1125 3823 ποίησις
1150 3745 1285 3827 χρόνῳ,
1310 3744 1418 3824 λέξει,

248 3874 314 3932 τος,
340 3855 642 3918 κατασκευάζων
662 3853 717 3930 εἰς
739 3855 807 3918 τὸν
833 3847 835 3915 i
861 3855 1020 3935 ἱστορίᾳ
1053 3851 1248 3928 πλάσματι
1281 3850 1419 3914 συνθέ·

249 3961 447 4039 Αἰσχύλου
472 3965 694 4040 χαρακτῆρα
719 3959 806 4039 (Cra-
863 3976 931 4042 σει,
955 3959 1193 4041 κυριολογίᾳ,
1214 3957 1420 4041 οἰκονομίᾳ

249 4068 358 4149 tinus).
863 4069 985 4149 τάξει,
1005 4068 1109 4146 ἤθει,
1134 4066 1343 4148 προσώπῳ.

291 3053 320 3096 v.
342 3033 380 3095 13
404 3030 638 3097 comoediarum
656 3050 804 3094 numerus

247 3137 407 3203 indicatur·
430 3138 547 3222 spuriis
571 3137 716 3201 inclusis:
742 3137 805 3201 σὺν

247 3250 315 3322 τοῖς
339 3244 687 3324 ψευδεπιγράφοις.

293 3409 322 3451 ν.
351 3389 389 3452 18
420 3394 457 3471 τῇ
483 3389 518 3451 δὲ
541 3390 668 3466 ποιήσει
692 3409 805 3467 γνωμι-

248 3497 303 3573 κὸς
331 3497 382 3559 καὶ
410 3496 609 3574 εὑρετικὸς
639 3497 689 3559 καὶ
713 3495 805 3574 φιλό·

247 3623 359 3681 τεχνος
385 3601 632 3686 (Epicharmus).

355 4330 366 4365 1
385 4329 482 4383 Etiam
497 4331 675 4398 placitorum
696 4329 885 4382 consuetudo
900 4332 964 4381 erat
983 4327 1066 4394 haec,
1086 4333 1119 4380 ut
1134 4327 1228 4395 patris
1242 4327 1420 4395 patriaeque

250 4435 357 4476 nomen
378 4419 549 4487 adderetur,
569 4420 605 4473 cl.
621 4418 710 4485 Eltcr,
730 4417 775 4471 De
795 4416 836 4470 lo.
857 4415 980 4471 Stobaei
1000 4416 1064 4470 cod.
1079 4416 1225 4469 Plautiano
1245 4430 1272 4483 p.
1288 4413 1328 4468 19.
