3118 5044
745 303 921 357 -22-

353 484 384 547 2.
426 483 491 546 Τοῦ
516 481 615 546 αὐτοῦ
645 483 806 562 (Τζέτζοο)
834 483 940 562 ἴαμβοι
970 483 1107 560 τεχνικοὶ
1136 484 1208 560 περὶ
1235 480 1420 564 renquiae:

247 589 365 654 Kaibel
389 589 477 654 Corn.
503 590 617 654 Graec.
641 591 681 674 ir.
707 611 738 676 p.
755 592 799 653 40
812 609 882 672 sqq.

353 696 384 761 3.
429 696 580 762 Eiusdem
614 696 712 764 iambi
740 697 820 775 Περὶ
850 700 1000 775 τραγικῆς
1028 697 1206 774 ποιήσεως;
1243 695 1330 760 Com.
1365 695 1418 759 Gr.

246 802 483 888 mpssw.

353 911 390 974 In
414 910 548 978 eandem
573 912 687 976 seriem
712 909 882 975 inserenda
900 917 947 975 est
959 909 1173 993 Etymologici
1188 908 1296 990 Magni
1313 907 1419 992 glossa

125 1087 130 1096 ,
247 1036 271 1082 s.
296 1037 325 1081 v.
349 1018 512 1102 τραγῳδία
536 1039 567 1100 ρ.
586 1018 658 1085 764.
678 1019 712 1095 13
737 1018 769 1081 in
794 1016 933 1082 Kaibelii
959 1016 1047 1081 Corn.
1072 1017 1111 1080 fr.
1136 1037 1166 1100 p.
1188 1016 1238 1082 16.

355 1124 404 1189 De
432 1125 548 1190 ceteris
573 1125 710 1190 Tnetzae
735 1124 875 1209 scriptis,
901 1125 1014 1205 quibus
1038 1124 1144 1188 omnin
1172 1123 1278 1207 poesis
1300 1143 1422 1206 genera

247 1235 436 1312 tractantur,
469 1239 542 1316 post
566 1231 748 1296 Kaibelium
774 1231 955 1296 accuratius
979 1231 1047 1314 egit
1071 1232 1235 1313 Kayserus
1260 1230 1308 1294 De
1333 1238 1420 1295 vele-

246 1356 314 1401 rum
328 1338 538 1423 a1·tepoetica
552 1339 755 1420 quaestiones
767 1339 908 1403 selectae
924 1338 1007 1403 Diss.
1018 1337 1105 1422 Lips.
1118 1337 1212 1401 1906.
1230 1337 1310 1402 Sunt
1324 1336 1419 1402 haec:

252 1452 263 1458 “
353 1446 385 1509 4.
431 1447 580 1510 Ἰωάννου
609 1449 666 1509 τοῦ
691 1446 826 1512 Τζὲτῑοο
858 1447 963 1524 στίχοι
990 1447 1062 1524 περὶ
1090 1447 1250 1523 διαφορᾶς
1278 1447 1421 1522 ποιητῶν

248 1551 336 1616 Οοια.
362 1551 415 1616 Gr.
441 1551 482 1615 fr.
507 1573 537 1636 p.
555 1553 597 1615 34
608 1571 678 1634 sqq.

353 1657 383 1722 b.
427 1658 659 1743 Prolegomena
683 1659 725 1724 ad
748 1658 972 1743 Lycophronis
997 1657 1213 1722 Alexandram
1238 1656 1421 1742 conscripta
1465 1695 1467 1700 ·

246 1762 308 1846 (ed.
333 1764 447 1830 Mttllcr
472 1764 580 1830 Tzetz.
606 1765 737 1831 Scholia
760 1767 791 1830 in
816 1765 979 1850 Lycophr.
1005 1765 1066 1829 vol.
1092 1765 1106 1827 Ι
1131 1786 1161 1848 p.
1180 1765 1242 1828 247
1257 1765 1352 1844 sqq).

352 1871 384 1934 ll.
421 1872 652 1956 Prolegomena
671 1871 711 1936 ad
729 1873 901 1938 Hesiodum
927 1873 1047 1956 scripta
1071 1871 1136 1950 (ed.
1150 1869 1313 1936 Gaislord.
1328 1871 1420 1935 Poet.

246 1977 358 2042 minor.
384 1977 498 2046 Graec.
526 1979 588 2044 vol.
613 1980 645 2043 ΙΙ
669 2001 700 2063 p.
720 1981 761 2044 10
777 1999 846 2062 sqq.
872 1979 923 2044 ed.
948 1979 1051 2063 Lips.)
1066 1983 1087 2042 ¹.

355 2085 385 2148 7.
425 2085 496 2150 Huc
519 2085 646 2150 accedit
669 2093 834 2165 tractatus,
860 2106 952 2168 quern
966 2087 1128 2170 Kayserus
1145 2087 1175 2149 in
1193 2085 1420 2150 dissertatione

246 2211 276 2275 p.
294 2191 337 2255 56
348 2210 417 2274 sqq.
442 2192 561 2276 publici
587 2192 664 2259 iuris
688 2193 765 2258 lecit
790 2213 807 2258 e
832 2192 1085 2258 codieeEstensi
1110 2192 1222 2274 uV9‚
1239 2192 1282 2255 22
1308 2194 1420 2274 (quon-

247 2296 320 2362 dam
338 2295 505 2377 111014).
554 2299 634 2363 Sunt
648 2298 880 2381 Prolegomena
904 2299 934 2360 in
951 2297 1156 2361 Theocritum
1182 2298 1312 2380 scripta,
1337 2317 1420 2377 quae

249 2405 413 2489 Kayserus
442 2405 557 2468 ceteris
581 2404 718 2469 Tzctzae
745 2405 983 2490 prolegomenis
1011 2404 1136 2468 collatis
1167 2403 1343 2487 Byzantina
1373 2401 1420 2466 illi

247 2532 366 2594 magna
390 2530 461 2574 cum
487 2512 552 2575 veri
576 2513 684 2595 specie
708 2512 897 2595 assignavit.
938 2513 1071 2577 Tretzes
1095 2531 1157 2574 non
1182 2509 1329 2575 bucolica
1352 2516 1419 2574 tan·

246 2625 313 2682 turn
338 2625 477 2683 tractare
501 2620 578 2682 satis
602 2618 724 2700 hahuit,
748 2620 805 2684 sed
831 2628 864 2684 ut
888 2619 971 2684 solet
994 2619 1104 2703 primis
1121 2617 1244 2682 duobus
1261 2617 1420 2701 capitibus

246 2724 287 2789 de
327 2726 443 2818 ceteris
483 2725 628 2790 omnibus
662 2727 767 2810 poesis
800 2726 971 2810 generibus
1004 2726 1153 2790 disseruit
1189 2733 1285 2805 atque
1319 2725 1418 2789 nrulto

246 2833 348 2897 fusius
381 2851 474 2914 quam
508 2833 540 2896 in
569 2833 803 2916 prolegomenis
833 2835 865 2899 in
891 2833 1062 2899 Hesiodum
1091 2841 1147 2896 aut
1172 2830 1418 2916 Lycophronem

246 2940 385 3024 scriptis.
505 2957 507 2969 ·

355 3046 546 3111 Conferatur
559 3047 655 3112 etiam
664 3049 866 3113 Constantini
878 3047 1029 3113 Lascaris
1044 3047 1085 3112 dc
1098 3053 1194 3131 poeta
1207 3047 1287 3110 liber
1299 3045 1419 3128 (Migne

247 3154 366 3219 Patrol.
392 3154 507 3218 Graec.
532 3153 594 3219 vol.
623 3134 695 3236 161ss
720 3156 929 3236 aar-954),
966 3175 1058 3236 quern
1095 3155 1262 3237 Kayserus
1297 3153 1419 3236 optimo

246 3259 315 3325 iure
339 3279 401 3324 urna
425 3281 494 3326 eum
528 3261 659 3328 scholiis
685 3263 888 3346 Dionysianis
919 3268 951 3326 et
976 3261 1113 3325 Tnetzae
1142 3260 1270 3344 scriptis
1300 3266 1420 3323 tractat

246 3387 277 3452 p.
296 3367 338 3430 64
348 3387 418 3450 ιιηη.
466 3368 643 3453 Praecipue
667 3388 749 3451 quae
777 3371 848 3448 περὶ
874 3370 1062 3447 διαιρέσεως
1091 3371 1234 3446 ποιητῶν
1258 3365 1418 3448 dicuntur,

247 3473 287 3538 ad
313 3475 434 3558 scripta
457 3494 554 3559 supra
577 3475 676 3540 allata
699 3475 870 3541 referenda
894 3482 976 3540 sunt.

353 3691 363 3726 1
383 3692 514 3748 Taetzae
534 3693 755 3763 prolegomenis
773 3695 804 3746 in
819 3693 941 3747 Hesiodi
956 3692 1055 3760 Opera
1075 3692 1194 3759 scriptis
1212 3705 1285 3743 usus
1306 3696 1351 3742 est
1364 3690 1418 3742 Pa-

247 3782 412 3850 laeocappa
432 3783 461 3835 in
483 3788 614 3836 tractatu
633 3785 695 3850 περὶ
714 3784 820 3847 τάξεως
838 3787 975 3848 ποιητῶν,
995 3782 1043 3833 cui
1054 3779 1220 3833 Andronici
1240 3793 1350 3832 nornen
1370 3779 1418 3833 de·

247 3871 290 3924 dit
318 3870 368 3936 (ef.
392 3869 475 3925 Cohn
504 3873 534 3925 in
564 3875 721 3926 comment.
749 3871 848 3939 philol.
878 3872 906 3923 in
935 3870 1078 3923 honorem
1108 3869 1145 3922 M.
1170 3869 1284 3922 Hertzli
1315 3869 1416 3936 script.

249 3975 274 4028 p.
290 3958 341 4012 130
351 3963 434 4028 sqq).
471 3959 630 4014 Tractatus
652 3960 751 4014 editus
771 3967 815 4014 est
834 3976 850 4013 e
870 3959 935 4013 eod.
950 3959 1043 4012 Paris.
1065 3958 1136 4011 2929
1155 3959 1184 4009 in
1206 3956 1339 4011 Crameri
1360 3957 1416 4011 An.

247 4046 354 4102 Graec.
374 4048 418 4100 ΙΙΙ
438 4065 466 4118 p.
482 4049 557 4102 1461.
1153 4071 1155 4074 ·

726 4253 938 4260 --ῄ-
